2671 3245
187 267 236 295 ex
260 266 303 294 re
327 253 510 306 proferat.
564 253 674 294 Nunc
700 257 833 293 autem
858 251 1133 305 quaerentibus
1158 252 1283 303 nobis,
1316 257 1444 292 utram
1470 252 1658 292 rationem
1683 252 1724 291 in
1750 255 1882 293 nostro
1918 250 1967 299 de
1991 265 2119 293 rerum
2144 259 2284 297 natura
2309 271 2423 311 opere

186 314 471 367 componendo,
506 316 541 355 si
574 329 599 355 a
629 315 785 356 fortuna
820 314 1021 355 absolvere
1057 326 1282 354 concessum
1317 319 1438 364 esset,
1471 319 1671 354 secuturus
1704 314 1839 364 fuerit,
1872 326 1934 353 res
1969 327 2047 354 non
2083 316 2124 355 in
2159 317 2318 359 obscuro
2351 326 2424 362 est.

186 377 442 428 Quaestiones
471 377 575 417 enim
602 377 649 417 de
675 389 802 417 rerum
828 380 978 427 natura,
1006 388 1105 428 quae
1131 389 1221 428 pars
1239 375 1503 428 philosophiae
1529 380 1705 415 veterum
1731 376 1780 415 ab
1807 375 1872 415 illo
1895 376 2066 415 nondum
2092 389 2267 418 sermone
2284 380 2424 426 Latino

186 439 380 478 illustrata
406 444 502 488 erat,
538 441 709 479 omnium
736 438 982 478 difficillimas
1010 451 1108 488 esse,
1143 440 1335 478 neminem
1361 439 1471 489 fugit,
1506 440 1571 488 qui
1598 437 1727 490 paullo
1755 439 1969 478 accuratius
2001 437 2063 478 his
2094 439 2209 480 rebus
2235 441 2426 484 studuerit
2479 482 2484 486 ,

184 499 328 541 nedum
355 499 587 550 Ciceronem,
623 500 682 540 cui
715 500 790 552 ipsi
823 500 864 539 in
891 512 964 539 sua
996 499 1047 539 ad
1075 499 1278 540 Timaeum
1309 498 1544 550 praefatione
1577 499 1783 539 videantur
1815 512 1840 539 a
1865 504 2004 539 natura
2030 500 2238 541 involutae.
2289 503 2426 555 Itaque

183 562 298 602 facile
324 563 597 614 permittimus,
626 564 659 600 si
686 561 952 612 philosophus,
980 574 1068 600 cum
1094 563 1173 600 iam
1200 563 1327 613 passis
1353 561 1451 600 velis
1477 562 1517 600 in
1544 561 1623 600 alto
1649 562 1834 613 navigare
1860 575 1938 602 non
1957 563 2091 613 possit,
2118 562 2281 603 alteram
2306 566 2425 605 ratio-

185 637 276 663 nem
311 628 476 673 sectans,
512 629 556 662 ut
588 625 628 662 in
660 624 774 663 rebus
809 623 1072 663 subtilioribus
1109 629 1148 664 et
1181 624 1365 673 obscuris,
1400 624 1568 675 vestigia
1594 623 1728 663 Graeci
1759 622 1922 664 alicuius
1956 624 2123 665 auctoris
2155 637 2286 676 presse
2316 618 2440 679 s‘equi*

183 685 283 725 satis
309 683 440 724 habet.
495 684 569 724 Sed
603 683 703 723 hanc
737 684 968 735 opinionem,
1003 689 1048 724 ut
1078 697 1181 724 nunc
1216 685 1368 736 quidem
1396 684 1634 735 protulimus,
1672 697 1751 724 non
1785 685 1898 723 facile
1934 687 2137 736 quisquam
2172 686 2246 724 sibi
2271 686 2425 726 abtrudi

185 748 299 787 sinet.
339 747 551 798 Fingamus
578 748 682 786 enim
710 748 840 786 animo
867 746 1053 797 libellum,
1083 761 1197 798 quem
1225 748 1298 787 sibi
1325 748 1534 799 proposuit,
1561 745 1781 786 absolutum
1799 746 1910 786 nobis
1929 747 2116 787 Romanis
2142 751 2295 799 praesto
2323 761 2425 796 esse3

184 808 362 860 legamus
389 808 690 859 praefationem
725 808 927 861 pollicetm·
962 809 1216 861 philosophus
1248 823 1334 850 sese
1361 809 1590 861 colloquium
1624 822 1709 849 cum
1735 809 1888 862 Nigidio
1915 809 2157 863 Pythagoreo
2185 814 2224 850 et
2250 808 2426 864 Cratippo

185 869 362 912 habitum
388 869 500 910 nobis
528 869 758 919 relaturum;
796 870 890 922 quid
915 871 1027 910 nobis
1053 871 1201 910 rescit?
1239 871 1433 923 dialogum
1459 870 1645 921 Platonis,
1679 872 1757 909 iam
1782 872 1927 922 pridem
1953 871 2217 910 Romanorum
2245 872 2427 910 eruditio·-

181 933 291 972 ribus
319 935 528 984 cognitum,
565 947 680 984 saepe
707 934 929 984 perlectum,
970 948 1056 973 raro
1090 933 1338 973 intellectum.
1391 935 1442 973 At
1475 933 1603 973 Cicero
1642 947 1714 974 nos
1746 939 1791 974 ut
1823 933 2093 985 intellegamus
2121 933 2288 975 docebit!
2324 933 2427 976 Nihil

181 995 323 1044 minus,
351 1007 488 1046 nempe
515 996 598 1046 ipse
625 995 748 1035 multa
773 1008 851 1035 non
878 994 1078 1035 intellexit.
1120 994 1319 1044 Quomodo
1348 995 1466 1047 igitur
1482 994 1647 1035 Romani
1673 996 1713 1035 in
1740 1000 1963 1035 contextum
1981 996 2165 1035 Latinum
2191 995 2242 1035 ad
2267 996 2427 1036 verbum

184 1070 410 1096 conversum
443 1070 601 1108 prorsus
634 1059 798 1107 intrent,
840 1071 957 1108 quum
993 1056 1057 1096 vel
1089 1058 1189 1096 inter
1221 1057 1464 1096 doctissimos
1502 1058 1739 1097 novissimae
1772 1060 1912 1098 aetatis
1948 1059 2053 1098 viros
2089 1058 2137 1097 de
2170 1058 2426 1109 compluribus

185 1119 319 1158 Graeci
347 1123 551 1157 contextus
585 1118 680 1157 locis
714 1119 1001 1170 inexplicabiles
1037 1120 1321 1158 controversiae
1348 1123 1539 1169 agantur?
1580 1119 1656 1158 Sed
1691 1121 1815 1171 pergit
1840 1120 2104 1159 Hermannus:
2141 1132 2215 1169 „ne
2242 1120 2329 1170 quis
2355 1121 2427 1159 mi-

185 1186 290 1220 retur
314 1181 509 1232 integrum
535 1181 614 1220 fere
639 1181 782 1233 dialogi
808 1180 983 1221 Platonis
1009 1180 1137 1220 locum
1165 1182 1223 1221 ita
1249 1181 1459 1221 transsumi
1486 1194 1511 1220 a
1535 1180 1715 1220 Cicerone
1740 1182 1924 1233 potuisse,
1950 1186 1996 1221 ut
2021 1180 2123 1233 apud
2149 1180 2249 1221 hunc
2274 1193 2430 1232 prorsus

185 1242 313 1283 alieno
349 1256 414 1283 ore
451 1244 699 1295 proferretur,
741 1243 940 1282 simillima
983 1244 1158 1295 exempla
1200 1255 1270 1282 nec
1309 1244 1385 1281 nisi
1422 1243 1611 1282 brevitate
1648 1257 1672 1283 a
1703 1248 1834 1283 nostro
1870 1244 2084 1283 differentia
2119 1245 2235 1283 etiam
2269 1244 2309 1282 in
2342 1243 2430 1283 aliis

186 1304 303 1344 huius
333 1305 441 1344 libris
467 1307 525 1344 ita
555 1306 695 1344 Latine
721 1319 903 1357 expressa
930 1310 1103 1355 exstant,
1147 1311 1191 1344 ut
1226 1307 1303 1344 nisi
1338 1305 1494 1344 aliunde
1531 1307 1719 1357 originem
1753 1319 1884 1345 eorum
1917 1319 2136 1354 nossemus,
2171 1319 2249 1344 non
2283 1304 2428 1346 calamo

187 1370 340 1407 tantum
372 1366 564 1407 Ciceronis
599 1366 667 1407 sed
705 1368 823 1407 etiam
850 1367 1004 1420 ingenio
1034 1368 1116 1407 eius
1150 1366 1280 1407 deberi
1316 1368 1596 1407 cense1·emus.“
1650 1367 1821 1407 Primum
1855 1368 2009 1421 quidem
2038 1369 2121 1420 J'am
2157 1369 2253 1407 satis
2288 1380 2431 1420 magna

187 1427 394 1468 diversitas
428 1441 514 1468 esse
549 1428 643 1467 mihi
679 1429 832 1468 videtur
862 1430 962 1467 inter
997 1429 1085 1467 illos
1118 1442 1185 1480 per
1210 1429 1495 1479 philosophicos
1521 1429 1641 1468 libros
1677 1430 1886 1480 dissipatos
1917 1430 2023 1469 locos
2067 1434 2106 1468 et
2132 1431 2231 1468 inter
2255 1435 2430 1469 nostrum

185 1491 464 1542 fragmentum;
514 1492 583 1531 sed
625 1493 775 1531 etiamsi
813 1491 886 1531 hoc
927 1492 1149 1531 Hermanno
1196 1491 1449 1531 concedamus
1488 1505 1566 1531 non
1606 1493 1737 1544 magni
1776 1493 1961 1532 momenti
1996 1491 2036 1532 id
2069 1504 2172 1542 esse,
2218 1490 2320 1543 quod
2352 1504 2430 1532 non

186 1553 263 1593 nisi
304 1553 495 1594 brevitate
539 1554 735 1605 differant,
788 1553 881 1607 quid
924 1566 1064 1605 quaero
1108 1554 1262 1593 omnino
1297 1553 1431 1592 doctus
1472 1553 1532 1592 vir
1570 1552 1642 1593 hos
1674 1553 1779 1594 locos
1818 1556 1857 1594 in
1900 1555 2223 1606 comparationem
2263 1555 2430 1604 vocavit,

185 1616 288 1655 inter
323 1629 421 1666 quos
454 1617 521 1655 vix
556 1630 601 1656 ac
635 1630 683 1656 ne
721 1618 788 1657 vix
815 1617 968 1668 quidem
1004 1617 1210 1668 quidquam
1237 1615 1499 1654 similitudinis
1527 1617 1752 1656 intercedit?
1808 1617 1906 1657 Sunt
1938 1619 2040 1657 enim
2073 1616 2129 1656 illi
2154 1616 2247 1666 loci,
2275 1617 2310 1656 si
2334 1630 2429 1668 pau-

187 1690 253 1716 cos
279 1682 324 1716 ut
348 1678 476 1717 locum
502 1680 543 1717 in
576 1680 687 1718 initio
716 1679 804 1717 libri
837 1679 884 1718 de
910 1684 1106 1718 senectute
1132 1691 1209 1717 non
1244 1682 1409 1728 spectes,
1447 1680 1558 1729 quasi
1593 1679 1736 1718 citandi
1765 1692 1900 1730 causa,
1934 1684 1979 1719 ut
2003 1679 2076 1719 hac
2101 1692 2195 1719 voce
2221 1680 2279 1719 uti
2304 1677 2430 1730 liceat,

186 1751 234 1778 ex
266 1739 409 1779 Graeco
444 1741 484 1778 in
510 1740 696 1780 Latinum
730 1740 920 1780 translati.
974 1741 1048 1780 Hic
1083 1739 1345 1791 comprobaret
1377 1753 1533 1779 necesse
1569 1745 1653 1781 erat
1687 1742 1803 1780 etiam
1835 1743 1875 1780 in
1910 1742 2044 1780 ceteris
2070 1740 2191 1790 libris,
2226 1744 2266 1780 in
2293 1740 2431 1792 quibus

184 1802 382 1841 variarum
416 1801 635 1842 scholarum
672 1802 897 1854 disciplinas
937 1816 961 1842 a
993 1803 1113 1842 variis
1148 1801 1370 1841 hominibus
1405 1802 1687 1843 demonstratas
1720 1803 1916 1853 videmus,
1956 1802 2028 1842 has
2062 1801 2282 1855 disciplinas
2314 1802 2431 1842 verbo

185 1868 298 1902 tenus
325 1876 410 1903 esse
438 1877 486 1903 ex
513 1865 657 1905 Graeco
684 1864 913 1917 philosopho
940 1865 1162 1904 translatas.
1216 1864 1269 1902 Ac
1295 1864 1383 1903 vide
1409 1878 1457 1904 ne
1484 1865 1627 1905 frustra
1655 1878 1828 1916 quaeras,
1865 1878 1962 1917 quae
1989 1869 2091 1905 certo
2120 1863 2293 1915 exemplo
2320 1864 2432 1903 nobis

185 1924 450 1966 demonstrare
484 1927 589 1967 nullo
624 1926 740 1968 modo
776 1928 917 1980 possis.
982 1926 1114 1979 Neque
1149 1930 1282 1966 tamen
1317 1939 1472 1978 prorsus
1511 1927 1683 1979 exemplo
1718 1939 1908 1978 caremus,
1950 1940 1997 1966 ex
2034 1940 2109 1978 quo
2143 1927 2358 1978 conjectura
2393 1926 2432 1964 id

186 1987 341 2039 quidem
367 1990 630 2041 assequimur,
665 1993 710 2028 ut
747 1989 793 2028 de
821 1990 1067 2040 quaestione,
1104 1988 1295 2039 quomodo
1330 1988 1458 2026 Cicero
1495 1989 1651 2027 Graecis
1687 1990 1907 2028 auctoribus
1940 1991 1980 2027 in
2015 1989 2212 2028 scribendo
2247 2002 2341 2027 usus
2368 1989 2430 2036 sit,

183 2052 266 2088 veri
294 2051 436 2088 similia
463 2052 591 2102 colligi
616 2053 778 2101 possint.
831 2053 998 2090 Exstant
1022 2052 1125 2089 enim
1158 2051 1258 2089 inter
1283 2049 1588 2088 Herculanensia
1618 2049 1818 2090 volumina
1842 2050 2057 2102 fragmenta
2092 2049 2280 2102 quaedam
2308 2063 2332 2090 a
2357 2048 2431 2089 Pe-

184 2112 351 2152 tersenio
378 2111 666 2165 Hamburgensi
692 2112 868 2153 Phaedro
894 2113 1093 2164 Epicureo,
1122 2125 1146 2152 a
1174 2110 1379 2164 Spengelio
1409 2114 1448 2150 et
1474 2124 1498 2150 a
1516 2110 1683 2163 Sauppio
1702 2111 1927 2152 Philodemo
1951 2112 2156 2161 vindicata,
2184 2124 2282 2164 quae
2300 2112 2429 2151 Cicero

182 2173 224 2212 in
249 2173 435 2214 historica
459 2179 569 2226 parte
602 2175 648 2214 de
675 2180 755 2215 nat.
783 2175 884 2215 deor.
912 2175 999 2214 libri
1031 2175 1143 2227 primi
1172 2174 1434 2225 componenda
1462 2175 1694 2225 excerpsisse
1720 2174 1785 2213 vel
1817 2174 2038 2214 adhibuisse
2064 2175 2227 2214 videtur.
2280 2173 2427 2212 Horum

185 2237 288 2275 enim
315 2237 407 2288 quin
435 2237 484 2275 ad
511 2241 685 2276 nostram
711 2238 976 2289 quaestionem
1010 2250 1105 2276 usus
1140 2249 1225 2275 esse
1252 2236 1393 2287 possit,
1429 2248 1507 2274 non
1534 2235 1768 2287 dubitamus,
1803 2250 2039 2288 quamquum
2065 2249 2136 2276 nos
2164 2249 2242 2276 non
2268 2235 2368 2287 fugit
2393 2238 2432 2276 et

185 2311 272 2339 esse
299 2304 338 2339 et
365 2312 449 2339 esse
474 2313 609 2352 posse,
645 2301 711 2352 qui
738 2300 957 2341 Ciceronem
992 2298 1052 2340 his
1080 2297 1296 2339 Philodemi
1321 2297 1428 2338 libn's
1462 2311 1575 2337 usum
1602 2311 1686 2339 esse
1713 2303 1874 2352 negent,
1911 2304 1955 2339 ut
1986 2312 2035 2339 116
2063 2300 2111 2339 iis
2145 2298 2298 2352 quidem
2334 2309 2432 2351 quae

182 2361 376 2401 Hirzelius
405 2375 524 2414 nuper
551 2362 599 2401 de
625 2362 795 2403 fontibus
822 2364 1006 2403 librorum
1033 2363 1080 2402 de
1099 2366 1239 2402 natura
1257 2362 1415 2400 deomm
1434 2360 1658 2412 disputavit,
1685 2375 1912 2414 persuasum
1930 2362 2042 2401 nobis
2061 2375 2146 2401 esse
2173 2361 2432 2401 confiteamur.

186 2423 262 2465 Sed
290 2425 373 2464 sive
401 2424 529 2465 Cicero
557 2438 654 2465 usus
682 2429 742 2465 est
767 2424 983 2465 Philodemi
1010 2424 1119 2474 libro,
1148 2437 1209 2463 res
1236 2425 1276 2463 in
1302 2425 1452 2475 integro
1481 2427 1550 2471 est,
1588 2425 1671 2463 sive
1698 2437 1774 2464 non
1800 2438 1896 2464 usus
1922 2429 1994 2475 est,
2020 2428 2152 2464 tamen
2179 2437 2267 2463 eum
2293 2436 2341 2462 ex
2367 2435 2432 2462 eo-

184 2485 273 2525 dem
300 2499 374 2537 quo
400 2487 510 2525 illum
536 2488 644 2527 fonte
661 2487 839 2527 hausisse
866 2493 933 2527 aut
959 2488 1079 2527 alium
1097 2487 1313 2526 Philodemi
1341 2485 1504 2525 similem
1530 2485 1668 2524 librum
1687 2488 1920 2538 excerpsisse
1945 2500 2103 2526 necesse
2129 2490 2188 2525 est
2214 2490 2253 2525 et
2278 2485 2431 2524 nomine

184 2552 338 2587 tantum
364 2553 513 2588 mutato
540 2548 642 2589 hanc
669 2550 934 2601 quaestionem
960 2550 1088 2587 minus
1116 2548 1166 2587 ad
1193 2561 1265 2587 nos
1282 2549 1472 2599 pertinere
1490 2552 1659 2597 apparet.
1699 2549 1965 2588 Necessarium
1994 2554 2123 2587 autem
2140 2547 2302 2597 videtur,
2330 2545 2432 2597 quod

181 2608 393 2649 verisimile
429 2614 489 2648 est
514 2610 732 2650 Ciceronem
767 2612 807 2650 in
844 2610 1034 2650 similibus
1062 2609 1240 2661 opeiibus
1267 2608 1539 2660 componendis
1567 2609 1683 2648 etiam
1710 2609 1826 2648 simili
1852 2610 2000 2648 ratione
2027 2622 2140 2648 usum
2166 2609 2296 2658 fuisse,
2334 2619 2430 2657 quo-

182 2671 298 2712 modo
325 2676 364 2711 et
398 2672 526 2722 quoad
553 2673 695 2713 Graeco
721 2673 788 2712 illo
822 2673 950 2712 libello
979 2676 1075 2724 περὶ
1100 2672 1212 2711 θεῶν
1238 2671 1287 2711 ad
1315 2684 1427 2710 suum
1456 2683 1551 2721 opus
1579 2670 1796 2711 adhibuerit
1821 2671 2060 2723 perscrutari.
2110 2670 2300 2718 Qnoniam
2326 2668 2429 2719 frag-

182 2738 356 2773 mentum
389 2736 563 2774 omnium
599 2737 638 2775 in
670 2736 849 2775 manibus
885 2747 970 2775 esse
1001 2747 1080 2773 non
1107 2733 1315 2773 verisimile
1352 2738 1429 2783 est,
1456 2736 1604 2784 partem
1631 2733 1681 2773 ad
1713 2737 1885 2773 nostram
1911 2733 2149 2785 propositum
2176 2732 2430 2783 pertinentem

184 2794 364 2835 exhibere
389 2795 517 2836 liceat.
554 2797 677 2849 Atque
704 2811 762 2848 ea,
792 2797 931 2850 quibus
958 2796 1086 2836 Cicero
1115 2808 1163 2835 ex
1188 2796 1414 2847 fragmentis
1442 2796 1482 2833 111
1508 2807 1577 2834 suo
1606 2807 1718 2847 opere
1744 2808 1839 2834 usus
1867 2800 1936 2846 est,
1964 2798 2099 2846 patent
2117 2807 2142 2833 a
2160 2793 2231 2831 col.
2249 2792 2280 2841 I,
2307 2805 2345 2830 v.
2367 2791 2427 2830 11.

181 2870 304 2910 usque
336 2858 386 2897 ad
413 2858 482 2899 col.
509 2858 593 2910 VII,
620 2873 657 2899 V.
687 2861 724 2910 8,
752 2872 850 2912 quae
878 2860 917 2898 in
945 2858 1137 2898 Ciceronis
1171 2858 1217 2897 de
1252 2862 1392 2897 natura
1426 2857 1528 2896 deor.
1556 2857 1651 2897 libro
1679 2857 1714 2904 13
1745 2857 1804 2908 15,
1832 2857 2000 2898 38—41
2037 2857 2106 2895 vix
2139 2866 2350 2906 agnoscas.-
2375 2873 2427 2880 —

160 2920 369 2971 1καλέσειν
395 2921 451 2966 εἷς
475 2919 547 2974 τὴν
574 2922 799 2975 προεδρίαν
826 2920 962 2967 οὕτως.
991 2920 1080 2960 ἐπεὶ
1107 2920 1418 2974 παραδέδονταί
1443 2933 1546 2966 τινες
1563 2921 1638 2970 μὲν
1666 2916 1821 2970 οἷγαῦοῐ
1853 2934 1906 2958 κα
1954 2913 2201 2971 ειέργετικοῐ,
2228 2912 2429 2954 κελεύσειν
