2671 3245
455 305 466 314 .,
481 246 534 358 ⁴h'
585 273 626 290 ’Μ’
652 255 869 340 ψ’(
894 254 980 296 sine
1003 253 1119 296 dubio
1144 256 1350 308 genetivus
1373 261 1451 308 est,
1487 268 1609 310 aeque
1633 255 1833 296 ferendum
1857 259 1920 295 est
1943 268 1990 296 ac
2015 256 2063 296 de
2085 257 2155 297 fin.
2179 256 2263 305 111;
2294 257 2334 309 5,
2362 257 2435 298 10

401 336 458 352 mv
524 296 613 371 ujus
637 322 802 358 status.

180 431 383 505 wahe
407 445 500 483 sunt
522 454 670 495 rerum3
695 441 782 481 aliis
807 441 915 492 locis,
940 445 987 481 ut
1011 441 1128 482 Acad.
1153 442 1212 489 11;
1247 442 1311 492 25,
1338 443 1388 483 79
1415 399 1582 494 opinatio
1610 443 1784 483 Ciceroni
1809 447 1870 482 est
1893 444 2084 494 perceptio
2111 442 2325 483 Stoicorum
2348 447 2414 483 ut·-

178 511 271 567 991⁶
294 505 474 549 sensibus
498 517 578 545 non
604 504 899 552 confidentium3
925 502 1002 544 alio
1027 503 1124 555 loco,
1152 517 1240 545 cum
1266 504 1315 545 de
1340 504 1510 546 moribus
1534 506 1662 558 agitur
1688 505 1820 558 (Tusc.
1847 504 1981 555 ΠΛ,
2010 503 2060 546 15
2083 503 2129 557 f.)
2155 509 2217 546 est
2240 505 2413 558 opinatio

96 607 97 611 ,
117 604 121 611 .
176 573 323 613 autu:
334 566 455 609 ammi
479 564 830 619 perturbationibus
855 566 1023 607 excitati.

304 630 392 679 996,
417 630 470 670 24
504 633 727 681 „parentem
752 628 869 681 hujus
894 630 1159 670 universitatis
1184 629 1339 669 difficile
1364 635 1425 669 est
1451 652 1507 659 —-
1538 630 1706 670 indicare
1737 631 1779 669 in
1811 628 1956 681 vulg-us
1982 629 2130 669 nefas“.
2170 628 2287 681 (Pht,
2313 628 2414 670 Tim.

104 701 106 703 ·
181 709 222 749 p.-
244 693 309 746 28,
335 691 396 746 C.)
448 691 506 732 De
539 690 613 732 hoc
655 704 681 731 a
711 692 935 744 posterioris
964 693 1105 732 aetatis
1141 691 1389 744 scriptoribus
1423 693 1562 732 mirum
1595 694 1637 732 in
1668 691 1826 733 modum
1859 691 2052 733 celebrato
2085 690 2170 732 loco
2199 704 2250 732 ne
2284 690 2416 732 [xm

182 756 348 810 quidem,
380 767 467 794 cum
504 753 554 793 de
578 758 660 794 nat.
687 754 789 794 deor.
814 750 944 805 1312,
970 756 1022 796 30
1048 754 1152 805 dicit,
1186 754 1259 805 „de
1284 753 1459 794 Platonis
1490 757 1750 796 inconstantia
1780 755 1941 807 longum
1974 768 2061 795 esse
2096 754 2239 806 dicere,
2269 756 2337 806 qui
2372 755 2415 795 in

183 818 341 860 Timaeo
372 820 521 868 patrem
558 814 673 867 hujus
714 815 849 856 mundi
888 817 1080 857 nominari
1115 820 1231 868 neget
1267 818 1407 868 posse“
1447 821 1488 857 et
1526 818 1712 870 interpres
1747 817 1920 871 opusculi
1961 830 2117 871 prorsus
2159 818 2415 857 consentiunt.

182 879 316 933 Neque
341 878 444 918 enim
471 890 700 930 quemquam
725 877 847 930 fugiet
870 878 970 918 inter
989 880 1183 930 „patrem“
1211 882 1250 918 et
1275 880 1521 930 „parentem“
1546 884 1662 931 atque
1685 881 1785 920 inter
1810 892 1913 930 „non
1937 881 2079 932 posse“
2106 884 2146 919 et
2171 880 2307 930 „nefas
2331 880 2417 919 αὔ*

183 955 262 982 non
287 940 413 980 solum
439 940 643 980 verborum
669 940 738 980 sed
765 942 883 980 etiam
908 953 1047 981 sensus
1073 941 1244 993 aliquam
1271 953 1359 980 esse
1384 941 1689 993 discrepantiam.

308 1003 397 1053 996,
424 1002 476 1042 24
503 1002 632 1053 (Plato
659 1015 696 1053 p.
723 1002 785 1053 28,
814 1002 884 1055 C.).
936 1003 1209 1043 Universitatis
1239 1014 1375 1042 vocem
1401 1003 1548 1053 Cicero,
1580 1007 1626 1043 ιιι
1654 1003 1755 1044 idem
1785 1003 1976 1056 significet
2008 1003 2111 1056 quod
2144 1003 2313 1043 mundus
2337 1014 2417 1042 non

184 1065 285 1108 solet
309 1064 502 1115 adhibere,
531 1066 622 1117 quin
648 1077 774 1104 rerum
800 1064 974 1117 adjiciat3
1001 1065 1101 1105 idem
1129 1065 1242 1116 1005,
1269 1066 1333 1106 24.

307 1127 396 1168 Jam
421 1139 489 1178 pro
517 1128 738 1177 „invenire“
765 1127 893 1167 Cicero
919 1128 1048 1166 nescio
1074 1140 1126 1166 an
1150 1129 1324 1179 posuerit
1348 1129 1576 1180 ,.reperire“.

308 1191 397 1240 997,
424 1190 462 1229 2.
515 1189 737 1228 Fabi-icator
763 1188 954 1240 (Platonis
979 1189 1305 1242 τεκταινόμενος)
1332 1191 1444 1230 unice
1471 1190 1625 1231 dictum.

309 1253 400 1303 997,
426 1253 464 1292 4.
515 1251 664 1290 Probus
697 1251 836 1290 artifex
869 1251 1062 1302 (Platonis
1087 1251 1323 1304 δημιουργὸς
1355 1250 1547 1304 ἀγαθός).
1598 1251 1708 1300 Quod
1738 1251 1967 1290 vocabulum
2004 1253 2234 1292 a‘Terentio
2267 1263 2419 1303 quoque

186 1315 401 1356 adhibitum
426 1314 569 1353 ironice
601 1313 771 1364 (Phorm.
798 1313 857 1359 H;
885 1314 921 1362 1,
948 1314 999 1354 29
1035 1327 1058 1353 o
1085 1314 1269 1353 artificem
1301 1314 1480 1366 probum)
1516 1328 1564 1353 ex
1594 1313 1747 1365 vulgari
1776 1314 1974 1353 hominum
2008 1328 2184 1355 sermone
2219 1317 2418 1366 sumptum

185 1377 340 1419 videtur
373 1382 413 1417 et
437 1375 521 1416 loco
547 1375 831 1427 ineptissimum
858 1379 1003 1416 nostro.
1056 1375 1317 1429 Suspicionem
1345 1380 1472 1428 auget,
1500 1375 1603 1429 quod
1630 1374 1757 1416 Cicero
1783 1376 1823 1415 in
1849 1377 1969 1428 primo
1995 1375 2043 1416 de
2067 1381 2148 1417 nat.
2175 1376 2279 1416 deor.
2304 1374 2417 1426 libro,

187 1454 276 1482 cum
302 1439 465 1486 eundem
493 1439 640 1479 Timaei
672 1437 798 1477 locum
831 1442 998 1490 spectat,
1034 1440 1178 1479 centies
1212 1439 1260 1478 de
1294 1439 1539 1478 aedificatme
1574 1451 1652 1478 non
1686 1438 1734 1477 de
1763 1438 1988 1478 fabricatore
2014 1439 2148 1478 mundi
2173 1439 2342 1488 disserit,
2371 1441 2419 1477 ιιι

188 1504 236 1543 de
262 1507 343 1542 nat.
370 1502 472 1541 deor.
501 1502 543 1547 1;
571 1502 606 1551 8,
635 1501 722 1550 18,
725 1500 886 1551 ,Audite,
913 1502 1048 1553 inquit,
1076 1515 1155 1542 non
1181 1501 1311 1541 futiles
1337 1501 1697 1554 commenticiasque
1723 1502 1944 1552 sententias,
1976 1515 2054 1541 non
2081 1500 2256 1553 opificem
2281 1499 2418 1541 aedifi-

187 1569 432 1616 catoiemque
457 1563 632 1603 Platonis
659 1563 705 1602 de
733 1563 890 1603 Timaeo
917 1563 1073 1604 deum‘ss.
1124 1564 1223 1603 Item
1248 1563 1273 1603 l.
1301 1577 1332 1604 c.
1357 1564 1394 1610 I;
1421 1565 1457 1614 9,
1484 1564 1547 1603 21.
2426 1574 2447 1581 r

310 1628 399 1676 997,
428 1626 477 1665 12
511 1626 740 1675 conquisitio
778 1626 861 1664 sine
893 1625 974 1665 ulla
1010 1639 1127 1666 causa
1160 1627 1328 1677 positum
1359 1640 1426 1677 pro
1455 1626 1692 1678 „quaestio“,
1726 1625 1825 1676 quod
1850 1625 1983 1665 videas
2011 1625 2123 1667 Tusc.
2150 1626 2228 1673 111;
2261 1625 2326 1677 20,
2353 1625 2418 1668 66.

187 1689 369 1730 Codicum
394 1700 486 1727 vero
513 1686 626 1726 lectio
655 1686 899 1726 confirmatur
923 1700 990 1739 per
1014 1687 1181 1727 Nonium
1206 1687 1427 1727 Marcellum
1455 1701 1492 1738 p.
1520 1688 1582 1734 30,
1610 1700 1640 1726 s.
1666 1701 1704 1726 v.
1733 1687 1937 1726 exordium.
1996 1688 2123 1727 Locus
2149 1690 2317 1740 paginae
2341 1688 2418 1728 997

189 1766 215 1792 a
238 1765 359 1793 versu
383 1750 536 1789 10—13
568 1750 772 1789 universus
796 1762 846 1788 ne
872 1750 973 1801 apud
999 1750 1199 1789 Platonem
1226 1749 1381 1800 quidem
1408 1750 1526 1801 (Tim.
1552 1763 1589 1800 p.
1616 1749 1679 1799 29,
1706 1748 1754 1802 Β)
1781 1754 1889 1789 extra
1914 1748 2072 1789 dubium
2099 1754 2180 1798 est3
2207 1750 2293 1791 dieo
2318 1748 2419 1790 fidu·

188 1816 270 1853 ciae
295 1812 539 1853 Stallbaumii
569 1811 763 1850 notandae
795 1823 911 1850 causa
937 1811 1098 1851 dicentis
1131 1812 1173 1851 in
1199 1812 1366 1851 editione
1392 1812 1541 1851 Timaei
1571 1825 1608 1862 p.
1638 1811 1729 1851 116:
1764 1810 1850 1861 „Ita
1874 1812 1908 1850 si
1934 1810 2029 1851 haec
2054 1813 2325 1864 acceperimus,
2352 1812 2421 1852 vix

193 1875 400 1926 quidquam
436 1872 621 1913 valebunt
647 1872 905 1913 dubitationes
931 1873 981 1913 ab
1020 1873 1289 1925 interpretibus
1315 1874 1411 1913 miro
1439 1873 1567 1913 studio
1594 1873 1818 1912 excitatae“.
1872 1872 1915 1912 Si
1940 1873 2187 1924 interpretum
2213 1874 2421 1926 fragmenti

188 1938 322 1987 nostri,
350 1936 504 1975 doctum
529 1939 568 1974 et
583 1933 861 1985 intelligentem
887 1935 1066 1975 nimirum
1084 1935 1217 1975 Graeci
1244 1936 1430 1974 sermonis
1458 1936 1766 1984 existimatorem,
1794 1934 2062 1984 audiverimus,
2090 1935 2201 1975 Plato
2228 1939 2421 1985 phytones

189 1998 238 2051 δὴ
264 1997 421 2043 παντὸς
440 1996 657 2050 ’ἄρξασθαι
682 1996 785 2036 κατὰ
805 1995 930 2050 φύσιν
948 1998 1144 2049 scripsisse
1164 1997 1442 2037 existimandus
1470 1998 1553 2046 erit,
1579 2001 1622 2036 ut
1648 1996 1698 2036 ad
1715 1995 1923 2046 ἄρξασθαι
1948 1996 2202 2048 supplendum
2228 1998 2281 2038 sit
2302 1995 2419 2052 λόγῳ,

190 2059 319 2114 ἀρχὴν
344 2073 436 2101 vero
463 2073 532 2113 pro
559 2058 741 2101 adverbio
773 2060 941 2112 positum
965 2059 1015 2099 ad
1041 2063 1261 2112 sequentem
1284 2060 1589 2100 enunciationem
1609 2059 1807 2111 pertineat,
1834 2057 1950 2099 latine
1968 2059 2160 2099 redditum
2176 2073 2246 2112 per
2271 2060 2421 2112 „prima

191 2123 424 2164 distinctio“.

314 2187 405 2236 997,
434 2187 484 2226 16
510 2184 626 2237 (Tim.
653 2185 716 2235 29,
753 2184 802 2238 B)
835 2186 1061 2235 „imitatus“
1092 2186 1279 2225 usitatum
1314 2189 1374 2225 est
1399 2198 1594 2237 nunquam
1629 2197 1698 2224 nec
1723 2198 1747 2224 a
1773 2184 1949 2225 Cicerone
1981 2197 2051 2225 nec
2076 2199 2101 2225 a
2127 2185 2253 2226 bonae
2279 2186 2422 2226 aetatis

192 2249 373 2301 scriptore
400 2259 594 2301 quoquam
619 2248 786 2299 passive.
832 2246 890 2286 De
916 2248 1045 2287 activa
1070 2245 1183 2300 hujus
1209 2247 1319 2286 verbi
1345 2247 1599 2287 declinatione
1626 2247 1752 2286 confer
1777 2247 1940 2285 Nonium
1965 2261 2001 2297 p.
2019 2248 2110 2297 473,
2137 2248 2190 2287 20
2217 2262 2248 2287 s.
2267 2262 2306 2287 v.
2334 2249 2421 2287 imi·

191 2316 270 2349 tat:
308 2311 452 2359 „Varro
478 2311 600 2360 Epist.
627 2309 707 2358 lat.,
735 2309 801 2349 lib.
828 2310 878 2349 11.
907 2316 1042 2359 „tuum
1068 2323 1162 2360 opus
1188 2323 1301 2349 nemo
1336 2311 1487 2350 imitare
1513 2311 1675 2360 potest“.
1727 2309 1862 2349 Livius
1887 2308 2057 2349 Achille:
2098 2311 2157 2360 „si
2183 2310 2308 2351 malos
2335 2311 2421 2351 imi·

191 2372 294 2423 tabo,
321 2378 405 2413 tum
429 2377 473 2413 tu
499 2373 664 2425 pretium
689 2385 758 2425 pro
785 2385 888 2413 noxa
914 2370 1063 2413 dabis“.
1116 2371 1191 2422 Qui
1216 2384 1264 2412 ex
1289 2369 1349 2412 his
1377 2372 1599 2413 concludere
1624 2370 1728 2422 velit,
1764 2369 1864 2410 idem
1890 2370 1990 2422 quod
2017 2370 2096 2411 illis
2124 2371 2298 2413 Ciceroni
2324 2384 2420 2425 quo-

194 2446 269 2483 que
291 2434 460 2484 licuisse,
488 2435 700 2474 consideret
717 2434 818 2473 hunc
844 2435 992 2473 duobus
1019 2434 1182 2473 saeculis
1210 2440 1300 2473 ante
1327 2435 1545 2473 Ciceronem
1571 2436 1725 2482 vixisse,
1752 2434 1860 2471 illum
1886 2435 2002 2472 simul
2029 2448 2116 2473 cum
2142 2435 2322 2475 Cicerone
2348 2435 2420 2476 flo-

192 2501 338 2535 rentem
362 2498 404 2536 in
430 2497 672 2548 antiquitatis
698 2496 812 2537 rebus
841 2501 1072 2548 occupatum
1098 2497 1214 2536 nimis
1240 2497 1468 2549 antiquioris
1496 2495 1682 2536 scribendi
1708 2495 1866 2535 rationis
1892 2495 2110 2537 studiosum
2137 2497 2269 2539 fuisse.

314 2558 361 2598 In
385 2557 459 2599 hoc
489 2558 573 2599 loco
601 2563 782 2610 occupato
810 2560 1026 2611 conjectura
1052 2558 1217 2610 obtingit
1247 2557 1353 2598 illius
1379 2558 1615 2598 difficultatis
1641 2557 1843 2597 evitandae
1876 2569 1995 2598 causa
2019 2559 2136 2599 facta.
2190 2563 2244 2600 Ac
2269 2561 2422 2612 scripsit

190 2618 332 2670 aliquis
359 2633 471 2670 „cum
498 2625 625 2661 autem
653 2621 828 2672 ingressa
853 2625 892 2660 et
917 2621 1068 2659 imitata
1093 2624 1153 2659 est
1178 2620 1306 2659 efficta
1332 2620 1572 2659 simulacra‘fl
1624 2619 1734 2667 Quod
1765 2618 1853 2656 felri
1879 2618 1987 2658 nullo
2014 2621 2129 2660 modo
2156 2628 2296 2672 potest.
2346 2622 2421 2661 Ne-

193 2694 267 2732 que
303 2683 406 2720 enim
431 2683 652 2734 ponendum
684 2693 767 2723 erat
791 2684 946 2724 imitata
978 2688 1038 2723 est
1063 2682 1131 2723 sed
1157 2683 1346 2733 imitetur,
1383 2682 1485 2735 quod
1511 2683 1725 2734 sequitur,
1729 2680 1837 2731 ,bene
1863 2682 1929 2733 agi
1960 2687 2084 2734 putat,
2118 2685 2154 2724 si
2180 2686 2263 2725 veri
2288 2683 2423 2725 simili

193 2742 367 2783 tudinem
394 2746 683 2798 consequatur“.
737 2744 813 2786 Sed
846 2746 1000 2786 etiamsi
1031 2758 1098 2799 per
1123 2747 1412 2816 grammaticam
1444 2744 1531 2784 ferri
1556 2747 1704 2796 posset,
1740 2749 1868 2783 tamen
1902 2757 1927 2784 a
1953 2748 2148 2787 sententia
2172 2752 2422 2800 respueretur,

194 2802 417 2846 Orationem
449 2809 552 2847 enim
586 2820 647 2847 res
680 2809 785 2861 ipsas
811 2809 955 2848 imitari
989 2821 1103 2860 posse
1135 2809 1176 2846 in
1201 2808 1422 2847 universum
1456 2820 1533 2846 non
1558 2819 1675 2858 nego3
1704 2820 1829 2859 neque
1863 2811 1996 2848 tamen
2030 2809 2165 2860 video,
2201 2824 2277 2862 quo
2308 2808 2423 2850 modo

194 2872 326 2906 nostro
351 2868 434 2924 loco
465 2873 601 2922 possit.
654 2870 743 2911 Jam
776 2884 869 2912 vero
904 2873 939 2911 si
972 2875 1192 2911 contextum
1217 2870 1393 2917 Platonis
1428 2872 1468 2910 in
1500 2868 1668 2910 medium
1700 2883 1902 2912 vocamus:
1937 2885 1976 2923 p.
2002 2871 2067 2922 29,
2093 2871 2126 2913 B
2159 2872 2251 2920 τοὺς
2281 2873 2326 2914 δὲ
2349 2873 2425 2915 τοῦ

2127 2927 2177 2967 1*

2550 2221 2629 2254 §v-
