2671 3245
244 214 381 389 Μ998μ,
408 338 458 379 31
488 349 711 388 corporeum
738 333 1053 387 (σωματοειδὲς).
1091 333 1149 374 De
1175 332 1249 374 hoc
1273 333 1460 375 vocabulo
1488 335 1627 384 confer,
1656 347 1756 387 quae
1782 334 1833 375 ad
1858 349 1895 387 p.
1922 336 2010 385 996,
2037 335 2086 375 21
2114 334 2400 376 adnotavimus.

168 401 396 448 Traettbilis
415 412 566 452 quoque
584 397 776 451 (Platonis
793 396 947 450 απτόν)
963 396 1177 436 notandum
1197 400 1273 443 est;
1291 397 1418 448 aptius
1438 402 1541 436 esset
1558 395 1713 448 taetilis,
1734 396 1837 450 quod
1853 395 2012 449 praebet
2028 394 2229 437 Lucretius
2244 396 2289 448 V,
2310 397 2413 439 152.

293 457 382 524 999,
411 462 434 501 7
459 460 506 501 Id
533 461 677 513 optime
703 461 931 512 assequitur,
959 471 1058 510 quae
1083 459 1226 499 Graece
1251 455 1464 509 ἀναλογία,
1489 458 1628 500 Latine
1653 482 1706 489 —
1733 459 1955 500 audendum
1982 464 2042 499 est
2068 460 2183 509 enim,
2215 462 2399 511 quoniam

88 544 91 545 ⁷
167 530 269 570 liam
287 527 453 595 primum
478 538 504 564 a
527 523 640 563 nobis
666 527 858 563 novantur
883 546 935 552 —
962 520 1195 573 comparatio
1222 521 1464 573 proportiove
1490 521 1565 562 dici
1589 526 1728 574 potest.
1770 519 1887 575 (Plat.
1916 520 2016 563 Tim.
2042 535 2079 574 p.
2107 522 2156 563 31
2184 520 2399 575 C.)Haec

168 592 294 645 prima
319 587 469 628 occasio
496 585 694 638 interpreti
720 585 808 625 visa
834 588 895 624 est
919 583 1098 624 vocabuli
1115 582 1252 623 Graeci
1278 583 1482 623 inserendi.
1535 584 1678 633 Quodsi
1704 586 1993 624 excusationem
2018 583 2133 623 huius
2160 584 2393 634 „audaciae“

168 650 407 695 afferendam.
428 647 503 688 sibi
529 661 616 687 esse
641 648 806 698 putavit,
841 651 1000 698 apparet
1024 658 1103 685 non
1129 645 1349 685 Ciceronem
1376 647 1586 697 scripsisse,
1613 647 1681 686 sed
1714 646 1905 699 quendam
1933 648 2111 687 tironem.
2165 645 2269 686 Nihil
2294 649 2397 686 enim

166 713 382 757 mirabilius
415 715 518 750 esset
549 724 664 762 quam
692 710 819 750 Cicero
852 713 914 749 tot
947 706 1221 760 philosophicis
1255 707 1432 760 operibus
1466 708 1647 748 confectis
1678 708 1827 749 dicens:
1872 710 2084 762 „quoniam
2118 708 2216 749 haec
2251 708 2309 761 (id
2340 714 2400 750 est

168 776 264 818 talia
288 779 405 826 atque
431 772 620 812 eiusmodi
646 771 788 824 placita
813 770 1129 823 philosophorum
1153 769 1400 822 Graecorum)
1426 771 1589 822 primum
1614 783 1639 809 a
1663 771 1775 811 nobis
1799 774 2031 812 novantu1·.“
2071 772 2157 811 Iam
2182 784 2398 811 veroana-

167 838 296 891 logiae
320 849 400 876 vox.
422 836 502 873 iam
529 840 619 874 ante
645 847 669 873 a
695 834 873 873 Cicerone
898 837 1087 884 usurpata
1113 835 1173 871 est
1198 833 1240 871 in
1266 845 1323 883 ep.
1352 832 1403 872 ad
1428 833 1506 872 Att.
1521 832 1594 879 VI;
1619 833 1656 882 2,
1683 834 1707 873 2
1734 834 1826 873 item
1852 834 1901 874 ab
1929 834 2083 887 aequali
2110 833 2278 886 quodam
2303 833 2399 873 Var-

167 912 261 942 rone
286 900 327 938 in
353 897 450 936 libro
478 896 526 935 de
550 896 576 935 l.
602 896 628 935 l.
655 896 770 947 vm„
806 895 909 948 quod
935 908 1032 947 opus
1058 893 1230 934 Ciceroni
1256 895 1330 946 ipsi
1365 894 1583 934 dedicatum
1609 894 1738 946 fugere
1771 895 1879 936 illum
1905 910 1983 936 non
2008 897 2146 948 potuit.
2199 896 2257 936 Eo
2284 896 2400 935 mira·

151 962 287 1018 ,bilius
313 960 460 1000 factum
486 962 601 1009 esset,
628 963 673 998 ut
698 958 763 998 ille
788 958 962 998 horreret
986 955 1219 996 vocabulum
1245 957 1324 995 iam
1351 957 1506 1009 saepius
1532 956 1718 997 auditum.
1756 957 2053 998 Excusationem
2079 959 2182 997 enim
2209 972 2246 1010 p.
2264 958 2354 1007 999,
2375 957 2398 996 ’Ζ

168 1038 255 1066 esse
279 1036 358 1064 non
385 1021 638 1074 „analogiae“
666 1021 734 1061 sed
760 1020 1042 1073 „proportionis
1060 1023 1100 1059 et
1117 1020 1425 1071 comparationis,
1454 1032 1501 1058 ex
1529 1032 1573 1059 eo
1602 1019 1828 1060 concludas“
1855 1021 1956 1072 quod
1974 1022 2015 1060 in
2042 1021 2294 1074 sequentibus
2321 1034 2398 1060 non

167 1085 288 1128 semel
315 1084 450 1125 eadem
477 1098 554 1136 qua
579 1085 666 1124 istic
691 1085 733 1124 vi
758 1084 939 1123 iteratum
965 1086 1025 1122 est
1050 1081 1306 1134 proportionis
1333 1094 1422 1132 vOX,
1450 1081 1653 1134 analogiae
1680 1089 1810 1122 contra
1834 1096 1988 1135 prorsus
2014 1084 2244 1136 negligatur.

114 1142 116 1145 ¹
292 1148 351 1188 Ad
376 1162 412 1199 p.
433 1150 520 1196 999,
548 1149 599 1187 26
625 1152 718 1186 noto
746 1146 878 1196 „nullo
904 1144 1018 1184 modo
1046 1146 1209 1196 queat“;
1235 1146 1324 1194 999,
1351 1146 1401 1185 28
1419 1159 1486 1196 pro
1514 1144 1698 1194 „huiusce
1724 1148 1896 1197 generis“
1926 1138 2117 1197 (Platonis
2136 1150 2254 1198 μέρος
2280 1143 2401 1186 οῦδὲν

169 1210 353 1264 oedem)
381 1224 468 1251 cum
485 1209 596 1250 Valla
613 1208 819 1261 legendum
846 1211 938 1260 puto
968 1206 1109 1259 „ullius
1126 1207 1321 1259 generis“;
1349 1205 1399 1246 ad
1417 1220 1453 1259 p.
1476 1206 1589 1259 1000,
1616 1208 1642 1249 5
1658 1212 1750 1248 noto
1778 1209 1935 1259 „seni0“
1964 1209 2078 1259 1000,
2105 1209 2129 1250 8
2148 1215 2187 1249 et
2212 1208 2400 1262 globosus

169 1278 230 1315 est
252 1272 464 1314 fabricatus
490 1271 608 1325 (Plat.
629 1272 727 1311 Tim.
745 1285 782 1323 p.
801 1271 863 1310 33.
882 1269 944 1322 B).
987 1268 1094 1308 Haec
1121 1269 1293 1309 codicum
1320 1269 1432 1308 lectio
1459 1274 1632 1308 nostram
1659 1270 1709 1309 de
1733 1271 1948 1322 fragmento
1976 1274 2194 1323 opinionem
2220 1272 2395 1311 adiuvat.

168 1337 266 1377 Nam
291 1335 420 1375 Cicero
447 1335 565 1373 verbo
592 1333 815 1383 fabricandi,
850 1337 893 1371 ut
918 1333 997 1370 iam
1022 1332 1168 1371 Nonius
1196 1332 1346 1381 adiecit,
1381 1345 1461 1371 non
1493 1334 1569 1371 nisi
1594 1346 1661 1384 pro
1700 1333 1905 1384 deponenti
1932 1348 2026 1373 usus
2061 1339 2131 1374 est.
2185 1333 2276 1385 (Qui
2304 1347 2399 1374 usus

166 1399 281 1439 Nonii
314 1401 442 1437 aetate
469 1409 625 1448 prorsus
659 1396 865 1435 evanuisse
890 1393 1060 1439 videtur3
1087 1406 1211 1444 neque
1244 1394 1345 1432 enim
1380 1393 1528 1444 fuisset,
1565 1406 1630 1433 cur
1664 1394 1715 1445 id,
1749 1395 1851 1446 quod
1886 1396 2063 1435 omnibus
2098 1396 2222 1435 bonae
2256 1397 2400 1435 aetatis

168 1459 417 1512 scriptoribus
444 1463 526 1498 erat
553 1471 752 1498 commune
778 1458 977 1506 usitatum,
1008 1456 1243 1508 adnotaret).
1294 1456 1346 1495 At
1372 1469 1455 1505 nos,
1491 1457 1524 1495 si
1551 1460 1771 1496 contextum
1797 1457 1983 1498 Graecum
2009 1459 2049 1498 ιιι
2076 1459 2401 1510 comparationem

168 1535 365 1572 vocamus,
392 1520 620 1573 κυκλοτερὲς
646 1518 748 1559 αὐτό
775 1517 1047 1571 ἕτορνεύσατο,
1077 1519 1155 1557 iam
1182 1517 1232 1557 ad
1251 1517 1381 1558 Orellii
1406 1518 1624 1569 opinionem
1648 1518 1882 1570 adducimur,
1910 1521 1975 1572 qui
1993 1522 2171 1560 coniecit:
2199 1525 2238 1559 et
2265 1520 2400 1572 globo·

169 1597 257 1624 sum
283 1588 345 1623 est
369 1583 591 1622 fabricatus.

296 1646 409 1696 1001,
439 1646 488 1686 15
521 1646 581 1685 Ex
607 1659 655 1685 ea
679 1644 853 1694 materia,
886 1657 985 1694 quae
1018 1667 1070 1673 -
1096 1644 1252 1683 tertium
1288 1643 1472 1683 materiae
1508 1656 1629 1695 genus
1666 1657 1714 1684 ex
1750 1643 1899 1684 duobus
1925 1646 1965 1684 in
1999 1644 2167 1684 medium
2194 1644 2402 1686 admiscuit

169 1708 288 1761 (Plat.
316 1708 416 1748 Tim.
446 1721 481 1760 p.
508 1708 560 1748 35
586 1708 648 1761 A).
701 1707 747 1745 In
778 1713 849 1745 noc
873 1704 959 1745 loco
987 1710 1173 1757 quantum
1199 1706 1362 1744 materia
1389 1705 1436 1744 ab
1464 1705 1607 1744 Gracco
1637 1704 1756 1745 ου’σία
1784 1706 1997 1755 abhorreat,
2033 1719 2146 1745 nemo
2174 1720 2252 1746 non
2279 1707 2399 1746 videt.

169 1771 246 1812 Sed
272 1771 320 1811 de
345 1770 420 1810 hac
448 1784 487 1810 re
519 1772 624 1810 viros
652 1770 894 1810 doctissimos
923 1768 1062 1807 audias
1087 1767 1336 1818 Boeckhium,
1371 1767 1600 1818 Bonitzium,
1636 1769 1939 1817 Stallbaumium,
1966 1769 2006 1809 C.
2032 1769 2094 1809 Fr.
2121 1768 2400 1810 Hermannum.

168 1833 227 1874 Ad
253 1838 426 1874 nostram
452 1834 715 1884 quaestionem
750 1832 848 1871 satis
875 1830 1044 1870 effecisse
1075 1830 1187 1870 nobis
1219 1830 1405 1881 videmur,
1439 1831 1472 1869 si
1499 1829 1721 1871 Ciceronem
1755 1831 1870 1872 altius
1896 1831 2072 1872 Platonis
2107 1831 2251 1884 placita
2275 1835 2398 1874 intra·

168 1895 274 1934 visse
300 1895 499 1943 concedas,
527 1907 644 1944 quam
665 1898 710 1933 ut
736 1893 813 1932 tale
841 1892 1048 1943 quidquam
1073 1892 1305 1931 admitteret.

290 1957 350 1997 Ad
375 1971 412 2008 p.
442 1957 554 2007 1001,
582 1957 631 1996 21
659 1961 751 1995 noto
780 1955 979 2005 ,‚alienus“
1006 1968 1093 1994 cum
1118 1954 1297 2006 genetivo
1326 1955 1584 1995 coniunctum.

295 2020 407 2070 1002,
436 2020 485 2060 12
513 2019 775 2071 Suspicionem
803 2020 935 2057 movet
959 2029 1037 2056 vox
1064 2017 1343 2056 coniunctionis
1363 2018 1419 2057 sic
1444 2019 1585 2071 posita,
1613 2018 1751 2070 quippe
1778 2030 1876 2068 quae
1894 2016 1993 2069 apud
2014 2017 2189 2058 meliores
2207 2020 2401 2059 actionem

169 2081 426 2134 coniungendi
451 2094 529 2120 non
555 2083 662 2132 ipsas
689 2093 750 2118 res
777 2081 1000 2118 coniunctas
1028 2079 1228 2129 significet.
1270 2080 1515 2130 Quamquam
1540 2093 1602 2118 me
1628 2094 1705 2119 non
1731 2081 1829 2131 fugit
1854 2092 1938 2118 esse
1963 2094 2041 2118 non
2067 2094 2192 2130 pauca
2217 2081 2400 2121 substan-

168 2143 253 2182 tiva
277 2144 319 2181 in
343 2146 382 2184 io
410 2145 602 2193 exeuntia,
640 2156 739 2194 quae
767 2147 806 2181 et
830 2155 897 2193 pro
933 2142 1084 2181 actione
1109 2146 1148 2181 et
1172 2155 1241 2192 pro
1270 2146 1380 2182 statu
1406 2141 1673 2193 adhibeantur,
1705 2147 1749 2182 ut
1774 2142 2025 2194 cogitationes
2051 2141 2152 2182 idem
2180 2142 2402 2196 significent

169 2202 271 2255 quod
297 2206 476 2257 cogitata,
504 2205 670 2257 cognitio
697 2204 799 2244 idem
826 2203 927 2256 quod
955 2203 1162 2255 cognitum,
1189 2205 1386 2253 possessio
1414 2204 1516 2243 idem
1544 2204 1644 2256 quod
1670 2216 1730 2243 res
1758 2216 1972 2255 possessae.

294 2267 405 2318 1002,
434 2269 483 2308 16
510 2267 628 2319 (Plat.
656 2268 755 2306 Tim.
780 2280 817 2318 p.
844 2267 895 2306 36
922 2265 966 2318 C)
995 2265 1326 2316 circumplectendi
1347 2266 1509 2305 verbum
1536 2280 1615 2305 non
1642 2272 1701 2305 est
1726 2266 1926 2305 Ciceronis.

293 2328 405 2379 1003,
433 2330 459 2369 5
486 2329 602 2379 (Tim.
621 2343 657 2380 p.
684 2329 735 2368 36
753 2329 803 2380 E)
832 2327 1126 2367 circnmiiciendi
1151 2327 1268 2367 verbo
1297 2329 1541 2367 intransitive
1568 2342 1677 2367 nemo
1703 2328 1824 2367 bonae
1851 2330 1990 2367 aetatis
2017 2330 2178 2380 scriptor
2203 2344 2300 2370 usus
2328 2336 2399 2370 est.

290 2389 350 2429 Ad
375 2404 413 2443 p.
443 2391 555 2442 1003,
584 2391 608 2432 6
641 2394 733 2431 noto
773 2388 996 2441 „exordium
1031 2388 1234 2430 induem-&⁴
1273 2389 1389 2442 (Tim.
1417 2403 1454 2442 p.
1481 2391 1531 2431 36
1557 2390 1619 2439 E).
1674 2390 1784 2441 1003,
1820 2391 1842 2429 7
1877 2390 1993 2442 (Tim.
2020 2403 2058 2443 p.
2086 2392 2138 2432 36
2164 2391 2214 2444 E)
2248 2398 2398 2445 specta-

167 2449 256 2490 bilis
282 2463 360 2492 non
387 2453 493 2494 Cicel
494 2467 589 2493 oms

295 2514 407 2565 1003,
442 2518 479 2556 4.
534 2518 650 2568 (Tim.
677 2530 713 2567 p.
741 2517 790 2555 37
817 2516 868 2566 A)
907 2516 1080 2567 „Quippe
1117 2516 1208 2567 qui‘
1246 2515 1455 2555 identidem
1488 2531 1512 2556 a
1541 2516 1743 2566 Sallustio,
1779 2515 1908 2565 Livio,
1944 2515 2032 2555 aliis
2067 2530 2155 2557 cum
2188 2516 2398 2558 indicativo

169 2576 414 2618 coniunctum
440 2583 590 2627 exstat;
617 2591 664 2619 cx
693 2577 799 2619 C1ce1
801 2591 885 2619 oms
911 2578 1088 2631 operibus
1115 2577 1189 2618 hoc
1215 2578 1428 2631 exemplum
1454 2591 1608 2631 prorsus
1634 2579 1798 2617 unicum.

295 2637 406 2688 1004,
433 2641 470 2680 3.
511 2641 627 2693 (Tim.
654 2654 691 2692 p.
719 2640 770 2681 38
796 2641 859 2693 E).
898 2640 1144 2691 Adipiscendi
1169 2642 1286 2680 verbo
1306 2641 1435 2681 Cicelo
1463 2642 1509 2681 de
1536 2643 1583 2680 iis
1609 2645 1759 2680 tantum
1785 2640 1899 2680 rebus
1926 2642 2060 2690 utitur,
2088 2654 2183 2692 quas
2210 2644 2298 2694 quis
2324 2657 2403 2685 non

166 2702 251 2740 sine
277 2700 404 2740 studio
432 2702 506 2741 sibi
534 2704 783 2755 comparavit.
835 2703 891 2742 Ne
916 2702 1022 2754 longi
1058 2703 1180 2743 simus
1214 2703 1255 2742 in
1281 2702 1469 2744 adiectivo
1497 2702 1684 2754 „decori,“
1718 2701 1820 2754 quod
1845 2714 2037 2755 nusquam
2064 2704 2140 2745 nisi
2174 2710 2323 2757 spectet
2349 2707 2400 2749 ad

165 2776 304 2813 mores,
330 2763 432 2803 idem
460 2766 561 2817 quod
587 2772 699 2819 aptus
727 2765 831 2819 apud
857 2765 1078 2806 Ciceronem
1106 2764 1308 2818 significat.

293 2825 405 2876 1005,
435 2827 484 2867 15
511 2833 581 2878 „ut
605 2829 679 2869 hoc
704 2828 862 2879 animal,
899 2828 1002 2880 quod
1035 2829 1223 2878 videmus,
1260 2832 1362 2867 esset
1395 2828 1453 2867 illi
1488 2827 1645 2867 animali
1680 2828 1782 2879 quod
1818 2830 2005 2869 sentimus
2040 2853 2091 2859 —
2124 2832 2401 2874 simillimum.“

167 2886 284 2939 (Plat.
313 2888 410 2928 Tim.
437 2902 473 2940 p.
501 2891 551 2931 39
577 2891 641 2944 E).
694 2891 859 2931 Verbum
894 2891 1053 2931 videndi
1091 2892 1276 2932 contrarie
1310 2892 1477 2942 positum
1505 2895 1564 2931 est
1589 2889 1707 2930 verbo
1735 2891 1945 2940 sentiendi;
1982 2891 2214 2945 Ciceronem,
2252 2896 2401 2936 dicendi
