2671 3245
1291 26 1362 115 ιε

164 220 207 255 -ι
302 210 425 249 netas
443 203 698 244 maturuisset
722 199 908 252 abjecisse
931 200 1000 247 ita,
1026 203 1071 240 ut
1093 198 1270 240 Platonis
1296 200 1468 239 omnium
1494 198 1760 239 difficillimum
1787 198 2001 253 dialogum,
2037 188 2151 252 quem
2175 200 2311 240 nostra
2335 203 2447 241 aeus

164 267 173 307 T,-
187 267 297 315 ›ffix
315 263 501 318 uitelligit
514 295 525 316 ‚
565 275 799 316 quamquam
832 260 1061 302 excellentes
1101 263 1178 302 viri
1212 266 1253 302 et
1291 260 1563 314 philosophicis
1605 265 1646 301 et
1684 260 1926 314 philologieis
1971 261 2110 302 studiis
2149 261 2289 303 imbuti
2321 261 2449 304 multa

201 329 298 382 eum
320 327 437 371 laude
462 327 504 366 in
537 338 583 367 eo
617 323 910 366 commentando
936 336 1092 377 operam
1118 329 1342 396 posuerunt,
1376 324 1432 364 ita
1457 323 1711 375 translatum,
1744 323 1935 377 quomodo
1961 323 2074 364 nobis
2098 329 2189 365 ante
2214 323 2348 366 oculos
2373 329 2446 377 est,

209 392 358 434 aiv-ibus
392 390 476 429 suis
505 388 711 439 legendum
737 391 975 438 proponeret.
1027 386 1113 425 Hac
1144 388 1248 425 enim
1281 388 1323 425 in
1348 399 1389 425 re
1414 399 1568 437 prorsus
1595 388 1787 425 assentior
1811 386 1913 424 Petr.
1940 386 2070 424 Petito
2102 399 2188 425 cum
2219 387 2313 426 dicit
2335 387 2446 428 Hinc.

208 454 292 497 obs.
314 451 393 499 1115
419 450 445 491 3
471 463 509 502 p.
537 449 625 490 157.
671 449 817 500 „Quasi
840 447 947 488 nuda
972 450 1013 487 et
1037 446 1200 499 simplex
1225 448 1365 498 versio,
1401 461 1515 500 quam
1543 447 1671 488 Cicero
1699 447 1806 487 dedit
1832 449 1916 499 ejus
1942 446 2096 500 dialogi,
2128 460 2358 500 magnopere
2383 462 2447 490 re-

207 529 294 558 rum
317 525 418 568 quae
443 513 485 552 in
513 524 557 552 eo
584 515 799 551 tractantur
831 511 988 562 ignaros
1014 509 1200 561 adjuvare
1225 510 1369 561 possit!
1404 508 1543 549 Latine
1576 510 1730 562 quidem
1763 503 1973 550 conversus
2006 523 2032 550 a
2065 509 2245 550 Cicerone
2269 510 2447 552 Platonis

209 579 393 620 Timaeus
418 579 489 625 est,
518 574 586 614 sed
610 588 689 614 non
714 572 950 619 intellectus;
980 584 1060 611 non
1094 572 1197 611 enim
1231 584 1388 611 necesse
1415 577 1490 622 est,
1525 573 1559 612 si
1586 573 1672 625 quis
1706 572 1871 623 alicujus
1903 574 2072 612 auctoris
2104 571 2226 612 verba
2255 574 2296 612 in
2326 573 2445 613 aliam

207 640 381 692 linguam
405 636 623 687 transferat,
651 635 822 688 ejusdem
848 635 930 675 vim
946 633 1150 675 verborum
1176 637 1216 673 et
1241 634 1519 674 sententiarum
1536 633 1764 685 profundam
1791 647 1876 674 esse
1903 634 2033 673 animo
2060 646 2149 672 eum
2169 634 2445 686 complexum·‘.

208 700 285 744 Sed
310 700 493 752 quoniam
518 697 614 739 haec
649 697 869 750 attigimus,
905 697 1086 750 quoniam
1119 699 1163 735 ut
1190 696 1273 748 jam
1298 694 1402 735 haud
1436 695 1552 735 semel
1577 697 1711 737 monui
1735 695 1961 749 opusculum
1994 696 2036 735 in
2066 696 2200 748 primis
2230 696 2447 748 primordiis

211 763 359 805 versari
385 761 684 801 existimandum
710 764 781 809 est,
808 763 854 798 ut
879 759 1007 799 Cicero
1034 771 1112 797 non
1137 759 1214 797 nisi
1241 757 1372 797 multis
1399 759 1557 797 mutatis
1583 763 1803 810 recepturus
1836 759 1972 809 fuerit,
2008 757 2349 798 demonstrandum
2374 764 2446 810 est,

209 829 442 879 quantopere
476 822 659 863 vacillent
693 834 790 873 quae
822 821 1012 861 Hirzelius
1045 822 1085 860 in
1117 820 1355 872 praefatione
1387 821 1510 871 operis
1541 822 1602 860 sui
1634 820 1974 873 (Unterfutlymtgeu
2005 832 2053 873 5¹1
2086 820 2204 862 ziela
2236 819 2448 874 pbibfnpb.

210 885 413 940 &ditifica
447 886 479 926 I.
506 883 632 937 ῖῇείῐ,
665 882 1015 937 §Borbemetfungeu
1041 882 1095 924 ὃ.
1121 882 1164 935 3)
1192 882 1422 934 disputavit:
1451 881 1554 931 „ieie
1581 888 1765 935 geuuunte
1793 882 2050 935 ffibonblung
2077 891 2154 925 nou
2179 881 2378 936 betmatm
2403 882 2449 936 ἰῇ

211 947 414 1002 αιιῇαῐῐειιῦ
442 947 518 989 nub
548 947 663 988 miter
690 945 850 998 (bebiitjt
876 944 1156 997 nemudyssifftgt
1183 944 1347 985 morbeu.
1402 944 1464 985 2111
1496 944 1559 985 ber
1586 944 1799 997 ffiidytiqteit
1834 945 1937 997 ihtes
1966 944 2209 998 ergebniffes
2242 944 2338 987 fanu
2369 945 2448 988 {eiu

210 1009 371 1064 gmeifel
396 1008 485 1062 ἰείη.
538 1008 614 1050 &e
642 1008 707 1060 [Jut
734 1007 824 1049 aher
851 1007 1051 1059 cusserbem
1077 1006 1165 1057 nod)
1194 1005 1301 1047 einen
1327 1005 1548 1057 befonberen
1576 1006 1729 1058 {ssertb'
1762 1006 1887 1048 iubent
1920 1007 1967 1058 fie
2000 1013 2078 1049 1111ss
2110 1007 2153 1049 iu
2180 1006 2302 1049 ciuem
2328 1019 2448 1049 neuen

212 1071 401 1124 ffleifpiele
429 1071 502 1112 buz
530 1069 756 1122 sserbffltniss
784 1069 954 1111 (Siceto'ss
988 1081 1033 1121 3¹1
1064 1068 1188 1119 {einen
1214 1069 1381 1109 Quessen
1413 1068 1518 1120 aeigt.
1570 1070 1663 1110 §eae
1689 1068 2042 1122 §timtiussfrugment
2074 1069 2163 1122 steht
2189 1069 2357 1121 inicient
2383 1069 2451 1120 auf

212 1134 314 1177 einer
339 1132 447 1176 ssinie
473 1132 543 1175 mit
575 1131 657 1173 hem
684 1130 1050 1185 ᾦετῖιιῐαηειιὶἰῐῷεη
1084 1129 1150 1171 bes
1179 1128 1450 1182 ςβῐῄῐοδειιτιιδ,
1483 1129 1552 1170 mie
1579 1129 1776 1183 ᾧετηιαιιη
1807 1131 1910 1183 5²15st
1942 1133 1996 1174 (ὅ.
2026 1134 2075 1173 13
2108 1130 2329 1184 angebeutet
2362 1130 2450 1184 [jun

212 1195 290 1239 nub
318 1202 360 1239 εδ
386 1194 575 1247 iiberttifft
602 1193 758 1246 bufieIBe
786 1205 836 1235 un
864 1192 1008 1245 ἱῦετίῐ),
1037 1192 1087 1234 ba
1114 1198 1155 1234 εδ
1183 1197 1260 1233 1111ss
1287 1190 1344 1232 bie
1365 1192 1557 1234 OEonttnsse
1583 1192 1624 1233 iu
1651 1192 1770 1234 ciuem
1796 1194 1869 1235 niet
1894 1193 2075 1246 grsssseten
2094 1193 2283 1246 Umfauge
2302 1194 2449 1247 ηπῶς,

213 1257 335 1310 titbt‘c
387 1256 604 1298 Philodemi
644 1260 683 1296 et
718 1256 867 1296 Timaei
901 1254 1117 1307 fragmenta
1148 1253 1293 1294 nullam
1327 1254 1480 1295 omnino
1515 1254 1658 1295 habent
1690 1257 2022 1307 comparationem.
2073 1256 2272 1305 Quatenus
2306 1260 2348 1296 et
2374 1269 2453 1309 qua

214 1321 364 1361 ratione
399 1333 497 1372 opus
522 1318 738 1359 Philodemi
771 1317 873 1369 quod
907 1317 1045 1356 dicitur
1077 1317 1117 1356 in
1152 1329 1248 1368 opus
1274 1315 1457 1355 Latinum
1487 1323 1679 1369 receptum
1705 1320 1773 1367 sit,
1808 1331 1855 1358 ex
1891 1332 2005 1371 opere
2031 1319 2209 1359 absoluto
2236 1319 2286 1359 de
2311 1324 2453 1359 natura

216 1383 374 1424 deorum
407 1382 624 1428 evidemus;
662 1380 811 1421 Timaei
843 1378 1099 1432 fragmentum
1133 1380 1350 1431 conjectura
1382 1378 1509 1419 locum
1541 1381 1689 1420 invenit
1722 1382 1763 1420 in
1799 1394 1912 1434 opere
1943 1383 2088 1422 incerto
2121 1386 2161 1421 et
2187 1382 2271 1435 ipso
2299 1395 2451 1435 quoque

214 1447 432 1497 conjectura
458 1443 647 1484 concluso.

342 1819 451 1860 Nunc
477 1818 629 1871 quidem
656 1817 719 1858 his
747 1817 947 1869 conclusis,
975 1831 1050 1870 quo
1077 1817 1235 1858 consilio
1254 1816 1501 1870 philosophus
1520 1817 1720 1859 Romanus
1747 1819 1796 1859 ad
1814 1818 2115 1860 transferendam
2133 1817 2273 1871 dialogi
2297 1824 2449 1872 partem

220 1885 352 1922 motus
381 1883 443 1932 sit,
466 1883 552 1933 jure
578 1885 709 1921 nostro
738 1881 967 1932 quaerimus,
1005 1881 1196 1934 quomodo
1223 1880 1307 1920 fieri
1332 1882 1508 1933 potuerit,
1544 1885 1589 1920 ut
1615 1882 1878 1933 interpretatio
1905 1881 1954 1921 ad
1980 1881 2139 1921 verbum
2165 1880 2354 1922 translata
2380 1895 2449 1922 ex-

219 1949 310 1995 stet,
337 1957 572 1996 quamquam
592 1943 810 1984 Ciceronem
836 1944 894 1983 ita
919 1956 966 1983 ea
991 1945 1051 1983 uti
1075 1945 1248 1995 potuisse
1274 1943 1521 1995 negabamus.
1562 1943 1699 1994 Causa,
1726 1945 1761 1983 si
1788 1944 1938 1996 quidem
1965 1957 2012 1984 ea
2027 1944 2323 1994 meminerimus,
2349 1955 2451 1996 quae

219 2018 339 2058 supra
362 2006 660 2058 disputavimus,
693 1987 809 2044 nod
798 2018 839 2044 m
865 2005 1025 2045 obscuro
1054 2010 1125 2045 est.
1178 2005 1260 2045 Iam
1288 2007 1390 2045 enim
1417 2005 1626 2045 identidem
1653 2008 1883 2046 sententiam
1916 2006 1963 2046 de
1988 2005 2059 2045 hac
2085 2018 2125 2045 ιθ
2152 2005 2450 2059 declaravimus,

218 2067 440 2110 Ciceronem
466 2068 539 2109 hoc
565 2068 668 2120 quod
695 2052 837 2119 dialogi
863 2067 1050 2108 habemus
1085 2069 1187 2108 socio
1222 2068 1373 2107 cuidam
1407 2068 1593 2107 litterario
1629 2069 1739 2108 docto
1767 2071 1808 2108 in
1842 2082 2051 2108 sermonem
2076 2069 2295 2107 Romanum
2321 2073 2451 2109 trans-

222 2129 419 2170 ferendum
444 2129 670 2179 mandasse,
705 2133 751 2169 ut
787 2143 859 2169 sua
889 2129 937 2169 de
970 2129 1186 2170 difficillimi
1220 2134 1258 2169 et
1289 2129 1552 2169 obscurissimi
1579 2130 1753 2170 Platonis
1781 2130 1922 2182 dialogi
1948 2129 2108 2182 singulis
2134 2129 2229 2169 locis
2255 2133 2452 2172 sententia

223 2203 311 2231 cum
342 2191 511 2232 hominis
549 2192 709 2243 alicujus
741 2196 972 2242 comparata,
1004 2193 1066 2231 cui
1101 2193 1195 2231 satis
1228 2191 1454 2231 eruditionis
1488 2197 1526 2231 et
1560 2193 1705 2244 ingenii
1740 2194 1866 2232 inesse
1900 2192 2086 2232 confidere
2118 2196 2279 2243 poterat,
2314 2193 2451 2234 Graeci

223 2251 442 2307 philosophi
458 2254 601 2307 placita
628 2267 673 2294 eo
701 2254 914 2294 accuratius
940 2254 1177 2306 percogitate.
1194 2258 1232 2293 et
1248 2259 1447 2306 perspecta
1473 2254 1623 2294 civibus
1650 2256 1731 2295 suis
1753 2256 1793 2294 in
1810 2256 1957 2306 proprio
1981 2267 2091 2306 opere
2109 2253 2273 2295 afferret.
2317 2252 2451 2308 Neque

223 2316 325 2356 enim
351 2316 570 2357 Ciceronem
597 2317 756 2370 fugisse,
788 2321 956 2368 quantae
983 2329 1068 2357 esse
1095 2316 1332 2356 difficultatis
1359 2316 1553 2368 Timaeus,
1590 2331 1637 2357 ex
1662 2317 1744 2358 loco
1770 2317 1858 2357 libri
1883 2316 1929 2356 de
1954 2317 2019 2357 fin.
2045 2315 2102 2363 Π;
2128 2316 2165 2367 5,
2196 2317 2247 2357 15
2272 2325 2449 2370 apparet,

222 2377 291 2416 ubi
322 2378 414 2418 dicit
443 2393 569 2419 rerum
603 2380 875 2418 obscuritatem
910 2392 988 2417 non
1022 2380 1225 2418 verborum
1249 2380 1385 2428 facere,
1419 2384 1465 2418 ut
1495 2393 1574 2418 non
1607 2380 1851 2431 intellegatur
1885 2381 2006 2417 oratio
2034 2379 2194 2417 Timaei.
2246 2379 2383 2432 Itaque
2416 2384 2452 2421 si

226 2436 300 2479 hac
323 2445 457 2482 nostra
483 2442 674 2482 sententia
700 2454 835 2482 verum
870 2441 1111 2493 suspicamur
1144 2441 1191 2480 de
1215 2440 1433 2493 philosophi
1461 2441 1632 2492 consilio,
1667 2442 1833 2494 profecto
1867 2440 1938 2480 hoc
1963 2440 2063 2490 fecit,
2096 2440 2199 2491 quod
2226 2443 2261 2481 si
2287 2456 2366 2483 non
2391 2444 2451 2483 fe-

226 2501 342 2540 cisset
366 2504 507 2543 rectius
534 2504 769 2543 miraremur.
822 2503 879 2542 De
911 2503 1055 2542 nostris
1090 2515 1238 2555 quoque
1271 2504 1394 2544 doctis
1427 2504 1647 2544 hominibus
1680 2505 1803 2544 socios
1836 2502 1909 2543 sibi
1944 2514 2165 2553 comparare
2198 2501 2336 2544 solitos
2363 2518 2451 2546 esse

226 2562 317 2611 scio,
353 2576 428 2614 quo
454 2565 605 2604 facilius
632 2570 749 2617 atque
776 2564 935 2604 celerius
963 2570 1002 2604 et
1027 2578 1126 2616 quae
1153 2565 1353 2605 deterion's
1380 2571 1512 2606 essent
1546 2568 1739 2606 doctm'nae
1770 2570 1885 2616 atque
1910 2565 2097 2603 acuminis
2124 2565 2200 2604 sibi
2226 2567 2453 2619 suppedita-

222 2627 354 2663 rentur
391 2630 430 2665 et
462 2631 507 2666 ut
538 2626 735 2677 haberent,
762 2628 837 2678 'qui
867 2626 1015 2666 alienas
1050 2627 1099 2668 ab
1135 2629 1305 2678 ipsorum
1337 2629 1477 2668 studiis
1510 2642 1570 2668 res
1609 2641 1680 2667 sua
1713 2632 1794 2666 arte
1827 2626 2077 2666 elaborarent.
2132 2626 2267 2666 Talem
2302 2631 2452 2670 socium

2539 61 2541 63 .
2524 2 2548 37 ,ἒ

2557 0 2584 32 ’ἐς

2659 175 2663 178 -
2636 49 2671 115 αἰτεῖ

223 2683 442 2726 Ciceronem
470 2689 545 2729 sibi
578 2701 821 2743 comparasse
847 2687 899 2729 M.
927 2688 1095 2729 Tullium
1123 2689 1301 2730 Tironem
1327 2690 1505 2731 libertum
1532 2690 1625 2730 satis
1653 2692 1814 2740 constat,
1849 2692 1893 2729 ut
1925 2689 1993 2729 vix
2026 2689 2261 2730 testimoniis
2294 2704 2344 2732 ex
2370 2693 2452 2745 epi·
2497 2696 2499 2698 ’
2551 2686 2556 2691 ’

223 2747 334 2787 stolis
358 2753 510 2800 patroni
535 2765 634 2804 opus
660 2754 724 2792 sit.
776 2752 839 2791 Ita
871 2753 913 2791 in
945 2752 1042 2792 libro
1068 2752 1151 2792 VH.
1178 2754 1287 2805 epist.
1315 2753 1366 2792 ad
1392 2754 1469 2793 Att.
1495 2754 1532 2803 5,
1561 2754 1581 2792 1
1619 2752 1701 2802 „De
1729 2753 1877 2801 Tirone,
1912 2752 2049 2802 inquit,
2084 2751 2199 2791 video
2233 2753 2306 2793 tibi
2338 2766 2453 2794 cin-ae

223 2821 329 2856 esse;
357 2823 472 2862 quem
498 2814 652 2865 quidem
670 2827 741 2867 ego
769 2814 843 2854 etsi
860 2814 1055 2855 mirabiles
1081 2814 1270 2855 utilitates
1295 2814 1391 2855 mihi
1417 2816 1584 2867 praebet,
1612 2827 1730 2865 quum
1748 2813 1863 2864 valet,
1890 2814 1931 2852 in
1954 2814 2059 2853 omni
2085 2826 2226 2866 genere
2242 2816 2307 2856 vel
2333 2830 2453 2869 nego-

222 2872 363 2912 tiorum
388 2872 456 2913 vel
480 2876 697 2918 studiorum
723 2889 907 2929 meorum,
933 2881 1063 2918 tamen
1081 2882 1237 2931 propter
1253 2878 1533 2919 humanitatem
1551 2881 1589 2917 et
1607 2876 1835 2917 modestiam
1851 2875 1954 2916 malo
1973 2874 2138 2929 salvum,
2165 2889 2282 2928 quam
2298 2884 2455 2933 propter
