2671 3245
191 252 194 255 .
215 230 255 266 et
281 238 424 277 eorum,
452 239 552 278 quae
579 231 713 268 contra
742 238 958 268 sermonem
988 228 1028 266 in
1055 227 1192 267 ceteris
1220 228 1373 280 scriptis
1390 228 1577 267 usitatum
1603 231 1644 267 et
1662 239 1806 279 eorum,
1833 240 1934 281 quae
1947 229 1988 269 in
2007 199 2477 291 ωωρῐείιώᾶοῃᾶιῖῃφ

211 290 336 329 tentia
360 287 539 329 Platonis
565 290 719 336 erravit,
753 289 867 329 facile
893 290 1049 329 veniam
1075 289 1267 329 daremus.
1321 289 1431 329 Hanc
1457 289 1507 329 ad
1541 291 1797 342 suspicionem
1824 291 2043 344 aagendam
2069 294 2289 338 consideres
2311 298 2495 352 praefi-

211 351 357 392 tionem
383 351 426 391 in
451 351 582 392 media
608 352 875 391 enunciatione
910 352 1153 403 interrumpi,
1189 350 1494 403 philosophicam
1527 352 1804 403 expositionem
1840 357 1972 393 contra
1997 366 2045 393 ex
2070 355 2194 406 ipsius
2221 358 2371 402 Timaei
2395 375 2482 404 01--

209 414 403 465 positione
430 413 586 454 initium
619 426 764 465 capere,
801 413 840 453 id
869 413 972 465 quod
997 426 1065 465 per
1091 414 1268 453 lacunam
1296 412 1478 453 librorum
1505 416 1562 454 ita
1588 414 1733 454 factum
1761 428 1846 454 esse
1872 416 1939 454 vix
1964 416 2163 468 probabile
2190 423 2262 460 est.
2292 421 2397 471 ,Sed
2414 423 2464 466 dg
2547 453 2562 461 ,.

209 474 286 516 hac
310 489 352 516 re
378 475 480 516 infra
507 481 566 516 est
597 475 710 515 nobis
745 476 1031 528 disputandum.
1085 475 1365 527 Nuncquidem,
1404 478 1438 515 si
1464 478 1524 516 cui
1546 476 1730 528 juvenilis
1763 476 1873 517 labor
1897 476 1970 517 hoc
2002 482 2177 519 nostrum
2203 482 2462 536 fragmenmm

211 538 411 588 videatur,
449 537 548 578 hanc
575 539 809 578 sententiam
845 539 1073 587 refutemus,
1111 552 1227 589 quam
1255 538 1294 578 C.
1322 539 1385 578 Fr.
1413 539 1657 579 Hermannus
1691 552 1769 579 non
1795 539 1990 590 refutavit,
2017 553 2087 581 nec
2118 546 2288 594 poterat,
2324 548 2461 601 quippe

211 603 279 653 qui
305 603 461 641 omnino
488 613 565 639 non
593 600 862 650 dubitavisset,
891 601 982 651 quin
1009 601 1194 652 praefatio
1224 605 1262 640 et
1289 602 1553 653 interpretatio
1580 601 1751 652 ejusdem
1778 607 1908 642 essent
1934 604 2113 643 auctoris.
2166 604 2360 649 Praefatio
2386 611 2459 663 igi·

212 670 276 704 tur
301 663 410 704 nulla
434 664 510 703 nisi
535 667 708 703 extrema
725 662 919 704 Ciceronis
947 668 1074 703 aetate
1101 663 1244 715 scripta
1271 675 1357 702 esse
1383 668 1511 715 potest
1536 676 1581 703 ac
1607 668 1769 715 tempus,
1796 664 1837 702 in
1863 677 1938 716 quo
1966 665 2015 704 ab
2042 666 2127 717 ipso
2146 671 2300 708 auctore
2321 670 2459 714 litteris

211 727 398 766 mandata
423 738 508 764 esse
534 729 726 774 narratur,
754 727 852 764 satis
880 730 1046 776 angusto
1074 725 1306 776 reipublicae
1325 726 1730 776 turbulentissimoqne
1765 727 1890 778 spatio
1926 727 2117 768 definitur.
2159 727 2330 782 Scriptae
2355 735 2458 775 enim

213 793 307 828 sunt
331 787 582 828 Academicae
608 788 855 838 quaestiones
888 800 988 826 anno
1025 789 1369 839 septingentesimo
1405 801 1506 827 nono
1540 792 1579 827 et
1604 787 1780 840 Nigidius
1805 788 1985 840 Figulus,
2023 802 2138 839 quem
2173 791 2343 840 „fuisse“
2370 779 2453 847 jain

213 851 343 891 Cicero
368 848 561 902 perhibet,
599 861 686 889 cum
717 847 817 889 hanc
852 848 898 888 de
925 862 1000 901 qua
1026 850 1153 901 agitur
1179 849 1456 901 praefationem
1483 849 1695 899 scribebat,
1730 851 1771 889 in
1805 850 1919 889 exilio
1952 856 2129 891 mortuus
2162 856 2223 892 est
2254 840 2458 907 antequam

212 912 354 952 Caesar
380 911 626 950 occideretur.
676 911 882 962 (Eusebius
906 913 949 950 in
976 911 1152 951 chronico
1182 912 1231 951 ad
1258 911 1316 951 Ol.
1345 911 1602 965 CLXXXIV.)
1653 913 1787 964 ltaque
1814 925 1927 952 suum
1949 914 2015 964 jus
2043 913 2190 954 obtinet
2215 914 2459 960 Hermannus

211 989 328 1027 quum
355 973 447 1014 dicit
472 987 511 1025 p.
537 973 579 1014 5:
616 971 778 1024 „quodsi
813 974 966 1013 omnino
996 974 1050 1013 sic
1076 972 1295 1013 habendum
1323 978 1383 1012 est
1410 974 1529 1012 solius
1558 975 1825 1013 ostentationis
1851 975 2145 1026 experiendique
2171 977 2315 1028 ingenii
2343 992 2460 1020 causa

209 1036 307 1076 nihil
339 1048 510 1088 unquam
547 1048 571 1074 a
605 1034 784 1074 Cicerone
820 1036 1077 1086 conscriptum
1115 1049 1218 1084 esse,
1254 1037 1330 1073 nisi
1364 1036 1479 1074 simul
1516 1035 1687 1086 aliquam
1712 1036 1921 1075 utilitatem
1948 1037 2098 1077 civibus
2124 1038 2291 1080 adferret
2314 1064 2376 1091 —,
2412 1042 2458 1083 de

209 1101 331 1151 ipsius
361 1098 633 1138 exercitatione
661 1097 700 1136 in
729 1099 982 1148 sexagenario
1016 1099 1084 1137 vix
1113 1098 1277 1150 amplius
1306 1098 1465 1150 cogitari
1491 1099 1656 1149 potest“.
1684 1121 1735 1127 —
1770 1098 1877 1137 Nunc
1905 1102 2051 1148 autem,
2084 1100 2118 1138 si
2152 1100 2338 1152 praefatio
2366 1115 2458 1144 casu

211 1161 379 1214 quodam
405 1159 589 1212 colligata
614 1163 672 1199 est
701 1172 788 1198 cum
815 1160 1141 1211 interpretatione,
1170 1161 1260 1211 quid
1288 1166 1358 1210 est,
1397 1173 1551 1212 quaero,
1586 1160 1688 1212 quod
1715 1175 1787 1200 nos
1814 1161 2032 1200 Ciceronem
2057 1175 2135 1201 non
2162 1166 2455 1215 sexagenarium

210 1224 280 1263 sed
309 1223 592 1264 adolescentem
620 1222 822 1261 exercendi
849 1224 992 1273 ingenii
1020 1225 1145 1275 gratia
1173 1224 1372 1263 Timaeum
1400 1222 1643 1263 transtulisse
1671 1223 1823 1263 credere
1848 1227 1981 1264 vetet?
2035 1223 2118 1264 Hoc
2145 1223 2318 1277 quidem,
2355 1227 2457 1279 quod

210 1288 457 1327 Hermannus
492 1284 636 1334 adfert,
670 1285 847 1335 minime,
884 1298 972 1324 cum
1007 1285 1099 1325 dicit
1125 1290 1395 1338 argumentum
1424 1285 1572 1325 Timaei
1598 1298 1675 1325 non
1703 1285 1889 1338 ejusmodi
1917 1299 2021 1337 esse,
2055 1292 2099 1326 ut
2125 1287 2273 1327 civibus
2300 1291 2381 1329 suis
2407 1291 2456 1329 ad

210 1348 440 1389 imitandum
466 1351 706 1399 proponeret,
735 1347 892 1399 perinde
919 1360 963 1387 ac
992 1349 1025 1387 si
1052 1350 1137 1400 quis
1163 1349 1203 1387 in
1223 1349 1560 1387 exercitationibus
1587 1353 1677 1388 ante
1705 1349 1834 1388 omnia
1859 1362 1937 1388 non
1957 1363 2068 1389 suam
2094 1350 2163 1389 sed
2190 1350 2353 1391 aliorum
2379 1354 2456 1393 uti-

209 1412 359 1451 litatem
387 1414 621 1455 sectaretur3
658 1410 794 1448 deinde
823 1410 1067 1458 „Ciceronem
1094 1409 1246 1449 fidelius
1281 1410 1331 1449 ad
1358 1410 1554 1461 exemplar
1579 1410 1754 1450 Platonis
1790 1423 1877 1451 sese
1914 1411 2119 1462 addixisse,
2153 1416 2197 1451 ut
2231 1426 2256 1452 a
2276 1414 2458 1465 juvenili·

211 1476 282 1513 bus
308 1473 666 1524 interpretationum
696 1471 961 1511 conaminibus
988 1473 1190 1524 insigniter
1217 1472 1426 1521 discedat“,
1464 1485 1563 1524 quae
1589 1485 1707 1512 causa
1738 1472 1832 1511 mihi
1867 1472 1964 1512 nihil
1992 1475 2146 1513 omnino
2174 1474 2323 1514 efficere
2350 1476 2457 1516 vide-

208 1543 283 1577 tur.
337 1535 413 1576 Sed
440 1534 547 1574 aliud
574 1538 645 1585 est,
673 1534 777 1585 quod
804 1535 957 1573 etiamsi
985 1536 1245 1585 composuisse
1273 1547 1369 1586 opus
1396 1536 1522 1584 ipsum
1550 1534 1766 1573 Ciceronem
1790 1548 1984 1587 negemus,
2013 1540 2143 1576 tamen
2160 1550 2232 1576 nos
2251 1536 2458 1589 dijudicare

209 1602 333 1651 cogat,
361 1596 590 1649 opusculum
615 1596 720 1636 nullo
747 1597 823 1636 nisi
851 1601 1020 1636 extremo
1048 1596 1153 1636 illius
1180 1598 1283 1637 vitae
1311 1598 1435 1648 spatio
1462 1598 1502 1636 in
1529 1596 1712 1636 Latinum
1739 1610 1953 1637 sermonem
1981 1609 2066 1637 esse
2093 1597 2336 1640 translatum.
2383 1601 2455 1640 Ae-

210 1662 380 1701 curatius
414 1660 515 1699 enim
550 1659 808 1711 fragmentum
842 1663 1145 1710 perscrutantem
1179 1672 1256 1698 non
1293 1659 1450 1711 effugiet
1481 1658 1787 1710 terminologiam
1814 1658 2118 1711 philosophicam
2146 1662 2248 1712 ejus,
2283 1661 2317 1701 si
2342 1661 2457 1702 liceat

208 1725 281 1763 hoc
307 1722 497 1762 vocabulo
525 1723 594 1770 uti,
623 1734 708 1761 esse
734 1722 944 1773 perfectam
971 1726 1085 1773 atque
1112 1721 1342 1761 absolutam.
1393 1721 1537 1770 Quodsi
1566 1721 1852 1761 consideramus
1879 1722 2071 1762 Ciceronis
2096 1723 2174 1762 fere
2202 1723 2320 1763 solius
2346 1723 2455 1763 labo-

208 1787 316 1827 ribus
343 1785 565 1826 ultimorum
591 1797 779 1824 annorum
814 1788 929 1836 atque
964 1785 1101 1824 merito
1130 1796 1215 1823 esse
1243 1784 1407 1833 factum,
1440 1789 1485 1823 ut
1510 1784 1640 1823 Latini
1676 1785 1864 1823 sermonis
1898 1785 2064 1823 virtutes
2098 1786 2214 1824 etiam
2249 1785 2322 1825 hac
2347 1787 2388 1825 in
2414 1799 2455 1826 re

208 1864 296 1890 cum
322 1849 467 1890 Graeco
494 1849 645 1900 possint
672 1850 896 1900 comparari,
924 1850 1140 1888 necessario
1160 1848 1334 1898 sequitur
1361 1849 1443 1887 sive
1463 1860 1487 1886 a
1510 1846 1688 1886 Cicerone
1706 1847 1791 1898 ipso
1810 1847 1892 1886 sive
1912 1846 1960 1886 ab
1987 1846 2116 1899 aliquo
2144 1847 2267 1888 multa
2292 1846 2455 1888 lectione

206 1926 365 1966 operum
392 1910 740 1963 philosophicorum
776 1910 879 1950 illius
907 1924 1048 1963 gnaro,
1077 1924 1153 1952 non
1180 1912 1286 1963 prius
1314 1915 1461 1960 tamen,
1498 1923 1613 1962 quam
1646 1910 1827 1949 interiora
1853 1908 2119 1962 philosophiae
2153 1910 2283 1951 studia
2315 1910 2378 1950 ille
2412 1912 2452 1950 in

207 1977 330 2021 lucem
364 1973 608 2025 protulisset,
642 1987 718 2012 non
753 1978 843 2012 ante
879 1988 1023 2013 annum
1059 1975 1177 2026 igitur
1210 1974 1592 2026 septingentesimum
1627 1985 1768 2011 nonum
1803 1972 2026 2024 opusculum
2059 1975 2234 2025 componi
2267 1974 2453 2026 potuisse.

206 2037 383 2089 Exempli
411 2036 538 2088 gratia
564 2036 679 2075 affero
706 2048 793 2088 pag.
824 2036 935 2085 1013,
963 2037 989 2076 4
1016 2036 1193 2076 Ptatonis
1221 2032 1387 2087 ἆρίστου
1415 2035 1506 2074 ἰδέα
1534 2049 1600 2086 per
1627 2036 1785 2086 „optimi
1812 2036 1982 2087 species“
2011 2035 2129 2084 reddi,
2156 2035 2264 2075 nulla
2290 2035 2451 2082 adnota-

205 2102 312 2140 tione
338 2100 490 2151 adjecta
515 2099 682 2150 primum
707 2097 780 2137 hoc
800 2098 961 2137 verbum
977 2099 1115 2138 Latine
1133 2112 1200 2149 pro
1219 2099 1362 2144 ,,ἷδέα“
1381 2097 1572 2137 adhiben':
1601 2098 1862 2137 testimonium
1884 2099 1966 2150 jam
1982 2097 2230 2138 Academicas
2248 2102 2287 2137 et
2306 2097 2457 2137 Tuscu--

207 2163 318 2201 lanas
345 2161 568 2212 questiones
596 2160 720 2198 editas
748 2160 878 2209 fuisse,
907 2162 945 2199 in
974 2161 1113 2211 quibus
1140 2160 1272 2211 (Acad.
1300 2160 1338 2207 I;
1366 2161 1402 2209 8,
1431 2161 1494 2201 30.
1541 2160 1652 2200 Tusa.
1680 2159 1718 2206 I;
1746 2160 1809 2210 24,
1836 2160 1904 2213 58)
1932 2159 2027 2199 haec
2052 2159 2243 2200 vocabula
2267 2164 2349 2199 tum
2375 2161 2453 2212 pri-

205 2238 314 2264 mum
339 2223 476 2262 novari
501 2220 654 2273 legitur.
709 2222 855 2261 Eodem
882 2223 994 2262 modo
1023 2236 1059 2274 p.
1079 2224 1167 2271 996,
1198 2223 1246 2262 10
1275 2221 1480 2273 opinabilis
1507 2221 1692 2260 vocabulo
1719 2222 1803 2260 sine
1831 2223 2078 2261 excusatione
2104 2223 2227 2261 utitur
2253 2223 2451 2273 interpres,

206 2298 343 2336 nempe
370 2285 556 2323 memoria
582 2288 718 2323 tenens
744 2284 872 2323 locum
901 2285 1213 2324 Ciceronianeum
1242 2285 1374 2334 (Acad.
1403 2285 1438 2328 I:
1467 2286 1502 2333 8,
1530 2285 1610 2334 31),
1639 2297 1713 2334 quo
1741 2282 1866 2334 „hanc
1892 2288 2040 2336 partem
2065 2297 2192 2323 rerum
2220 2282 2450 2335 opinabilem

206 2347 391 2399 appellari
419 2360 443 2385 a
459 2346 696 2385 Platonicis“
724 2346 853 2386 Cicero
881 2352 1035 2398 propter
1062 2348 1309 2386 novationem
1337 2345 1601 2385 adnotandum
1630 2358 1712 2385 esse
1731 2347 1894 2397 putavit.
1935 2346 2135 2386 Eiusmodi
2163 2349 2254 2384 sunt
2279 2344 2455 2396 exempla

205 2409 407 2463 permulta.
461 2407 546 2447 Hac
579 2421 619 2447 re
648 2407 817 2447 effecisse
851 2408 963 2448 nobis
999 2409 1176 2448 videmur
1208 2409 1487 2460 praefationem
1525 2413 1564 2446 et
1596 2409 1960 2458 interpretationem,
1988 2408 2091 2459 quod
2122 2411 2286 2456 utraque
2319 2405 2452 2445 eodem

205 2473 285 2513 fere
312 2476 481 2522 tempore
515 2470 656 2521 scripta
689 2474 759 2519 est,
795 2484 870 2509 non
907 2483 991 2509 esse
1018 2471 1303 2522 disiungendas,
1338 2471 1563 2521 praesertim
1599 2483 1684 2509 cum
1717 2483 1795 2510 non
1830 2471 1957 2509 minus
1988 2483 2056 2521 per
2089 2467 2449 2508 codicum'auctori-

204 2540 338 2581 tatem,
367 2546 484 2583 quam
510 2546 577 2584 per
603 2533 821 2583 argumenti
846 2534 1170 2584 propinquitatem
1200 2534 1424 2572 coniunctae
1453 2533 1542 2571 sint.
1599 2531 1639 2572 Si
1666 2533 1782 2583 igitur
1808 2532 2007 2584 praefatio,
2040 2543 2138 2584 quae
2166 2530 2314 2577 dicitur,
2342 2528 2446 2567 Cice-

204 2599 310 2639 ronis
338 2600 408 2646 est,
436 2596 789 2647 interpretationem
817 2600 947 2634 contra
974 2609 1050 2635 non
1079 2597 1161 2635 eius
1181 2608 1265 2634 esse
1285 2595 1527 2643 coniecimus,
1555 2608 1633 2634 una
1650 2596 1844 2634 sententia
1862 2594 2102 2645 relinquitur,
2131 2606 2208 2644 qua
2232 2596 2453 2631 statuamus

204 2658 474 2716 philosophum
502 2658 630 2710 aliqua
655 2662 800 2697 motum
831 2671 958 2707 causa,
987 2659 1033 2696 de
1063 2672 1138 2709 qua
1165 2659 1264 2697 infra
1292 2657 1560 2708 disputabitur,
1589 2659 1690 2697 socio
1709 2657 1894 2697 litterario
1922 2656 2098 2697 Platonis
2127 2654 2276 2696 Timaei
2300 2656 2449 2704 partem

205 2722 533 2776 interpretandam
559 2721 777 2769 mandasse,
813 2722 947 2760 deinde
984 2723 1109 2773 ipsum
1143 2723 1177 2761 ei
1211 2720 1515 2773 interpretationi
1543 2720 1820 2773 praefationem
1855 2720 1983 2760 minus
2017 2731 2135 2773 quam
2162 2716 2448 2758 adnotationem

203 2785 486 2840 praeposuisse,
515 2795 590 2835 quo
616 2796 812 2835 personas,
840 2785 904 2835 qui
931 2784 1174 2835 disputarent
1202 2789 1240 2823 et
1266 2784 1390 2822 locum
1418 2783 1687 2834 disputationis
1714 2785 1846 2834 paucis
1881 2784 1955 2822 sibi
1984 2782 2214 2832 designaret.
2267 2778 2326 2818 Ad
2351 2776 2450 2816 hanc

204 2852 309 2899 enim
326 2848 539 2886 Hei-manni
558 2847 787 2885 sententiam
809 2847 855 2885 de
883 2847 1053 2896 consilio,
1082 2847 1183 2896 qnod
1202 2845 1472 2898 philosophum
1491 2845 1539 2885 ad
1558 2845 1656 2886 hanc
1683 2846 2039 2898 interpretationem
2057 2841 2265 2882 curandam
2283 2848 2450 2878 commo-

201 2913 312 2962 verit,
342 2912 420 2951 iam
448 2920 682 2961 quamquam
708 2921 785 2950 non
814 2910 895 2948 sine
916 2908 1078 2959 quodem
1108 2909 1325 2949 discrimine
1354 2908 1588 2957 adducimur,
1617 2908 1717 2960 qnod
1746 2908 1852 2948 nullo
1879 2907 2089 2948 vetustatis
2108 2910 2210 2944 certo
2229 2900 2450 2942 testimonio

2591 3070 2641 3089 ΛΦ,

2581 3088 2618 3111 :yy-

2544 3125 2547 3127 .
2585 3108 2617 3132 .2'

2389 3139 2394 3146 ·
2525 3141 2540 3154 ¹:
2558 3132 2600 3153 '⁴2'

2527 3156 2552 3171 'a

2423 3174 2427 3177 ι
2487 3174 2490 3182 v

790 3240 793 3243 .
2197 3239 2219 3245 ι
2302 3237 2314 3245 a
2368 3235 2379 3245 <
2400 3226 2452 3245 οἱ,
