2671 3245
100 282 105 289 '
176 294 179 297 ’
228 283 362 349 cresim
388 287 424 327 si
450 285 556 326 enim
573 283 647 325 sub
666 280 858 324 sentiendi
873 281 1072 322 notionem
1088 280 1206 320 ctiam
1224 279 1331 321 cadit
1345 279 1489 330 videre,
1503 268 1568 320 his
1583 278 1712 321 verbis
1729 292 1867 321 sensus
1884 279 2097 321 coma-ius
2113 270 2258 324 effi
2229 283 2259 325 :i

160 203 176 211 ἰ
231 211 556 268 illumartifioem
581 200 903 274 perfectissimum
927 219 1022 268 vini,
1056 230 1156 271 quae
1187 219 1293 260 inest
1325 220 1368 260 in
1400 209 1520 260 verbo
1554 222 1664 258 vostr
1695 230 1763 270 per
1795 218 1965 271 sentire,
1992 203 1993 207 ¹

128 373 156 383 .,
356 347 478 397 1005,
511 346 564 387 22
596 346 692 395 Quis
724 343 878 383 divinae
913 342 1163 382 animationis
1198 340 1316 394 (Tim.
1347 356 1385 394 p.
1418 342 1471 383 40
1502 343 1553 395 A)
1585 341 1778 383 Ciceronis
1812 353 1897 382 esse
1931 341 2243 393 affirmaverit?
2244 345 2323 391 v111„
2341 366 2350 380 ι
2497 335 2526 365 ‘⁴'

228 411 349 465 (Tim.
373 424 412 463 p.
437 409 493 450 40
517 408 567 460 Β)
595 410 729 447 contra
752 404 859 445 illius
886 403 1204 444 consuetudinem
1228 404 1391 444 verbum
1417 403 1609 444 celerandi
1633 404 1879 444 intransitive
1902 404 2091 444 usitatum
2117 409 2188 446 est.
2295 399 2307 401 ⁷¹
2344 401 2365 450 ,⁷
2415 396 2419 406 ³

351 470 477 521 1005,
504 470 553 511 31
588 467 706 521 (Tim.
731 480 769 519 Ρ.
793 466 864 517 40,
896 466 959 517 A).
1013 464 1173 506 Codices
1199 465 1405 518 praebent,
1444 466 1636 520 „quinque
1668 469 1800 506 autem
1831 465 1991 519 reliquis
2020 465 2190 507 motibus
2216 466 2348 518 orbem
2406 518 2409 522 Ι
2493 516 2496 525 ἱ

224 535 351 577 voluit
381 546 469 574 esse
502 536 542 571 et
574 534 768 582 expertem
802 527 1040 568 immobilem
1076 532 1115 567 et
1141 530 1347 568 stantem“.
1399 528 1547 580 Expers
1580 532 1710 568 autem
1745 540 1833 567 cum
1865 527 2036 567 ablativo
2069 540 2148 567 non
2173 531 2430 588 conJungitpr
2434 514 2485 584 {f

225 597 421 642 Cicerone.
474 593 547 633 Hic
572 591 750 632 Halmius
776 589 951 631 haesisse
977 590 1141 641 videtur,
1168 592 1234 642 qui
1260 604 1328 643 pro
1356 590 1486 630 orbem
1522 591 1682 643 conJ'ecit
1707 589 1862 639 orbum,
1895 603 1921 629 a
1952 602 2027 642 qno
2062 588 2253 642 adjectivo
2284 576 2493 645 penderet*

225 654 423 701 ablativus
450 653 681 708 ,‚motibus‘fl
731 651 840 693 Haec
867 654 1086 705 conJ'ectura
1111 652 1317 705 adjuvatur
1343 664 1411 705 per
1437 664 1504 692 eos
1531 652 1693 704 codices,
1720 653 1761 692 in
1788 651 1926 705 quibus
1951 651 2040 703 ,‚ct“
2067 655 2159 692 ante
2190 656 2382 725 expertem
2404 654 2466 696 in·
2486 659 2487 663 ’

222 725 369 776 Jectum
395 724 467 759 est.
520 717 605 757 Non
630 728 840 768 possumus
865 720 997 755 autem
1022 715 1273 767 perblandam
1298 716 1374 754 viri
1401 714 1502 754 docti
1519 716 1776 767 conjecturam
1791 727 1870 754 non
1895 716 2061 767 rejicere.
2101 714 2185 764 Quo
2212 716 2314 756 enim
2333 717 2473 771 referri

225 785 351 838 possit
376 780 622 823 accusativus
653 777 859 819 masculini
886 778 1036 829 ‚‚‚eum“
1068 779 1145 818 nisi
1171 777 1222 818 ad
1248 776 1435 829 pluralem
1460 777 1628 818 divinis?
1678 776 1826 818 Deinde
1853 791 1919 818 cur
1944 777 2039 818 haec
2067 777 2164 818 mira
2189 777 2466 830 adjectivum

225 846 465 888 abundantia
485 844 526 882 in
552 855 594 881 re
621 840 933 892 simplicissima?
973 840 1097 888 Quare
1123 839 1226 879 hunc
1251 839 1378 878 locum
1405 845 1443 879 et
1468 841 1593 891 ipsum
1620 844 1752 891 aptum
1779 852 1866 879 esse
1891 843 1996 891 puto,
2024 852 2101 891 quo
2128 844 2263 889 nostra
2287 840 2335 880 de
2359 841 2466 894 frag·

222 912 354 950 mento
380 906 508 959 opinio
535 903 810 943 corroboretur.
2593 914 2642 949 «κ,

353 966 546 1017 1006,10
580 966 698 1016 (Tim.
732 978 768 1015 Ρ.
795 964 847 1003 40
875 963 933 1016 C).
985 963 1093 1003 Pone
1127 962 1315 1015 particula
1347 963 1449 1014 apud
1484 965 1686 1015 scriptores
1719 964 1860 1003 aetatis
1893 968 1985 1003 ante
2016 963 2173 1003 Livium
2204 968 2355 1004 exstare
2385 978 2493 1031 ιιοιι,
2515 993 2517 995 -
2556 971 2669 1020 '⁶2³2

222 1032 376 1074 videtur
400 1030 477 1070 nisi
503 1027 605 1081 apud
631 1031 780 1079 poetas.
2618 1017 2671 1087 ῑῖἑ

352 1092 467 1141 1007,
494 1092 533 1130 4.
587 1091 686 1130 Tum
713 1088 764 1128 ad
790 1101 857 1128 eos
884 1089 919 1127 is
946 1087 1055 1138 deus,
1083 1088 1150 1138 qui
1177 1088 1306 1126 omnia
1333 1088 1477 1138 genuit,
1503 1087 1608 1127 fatur
1634 1087 1750 1139 (Tim.
1776 1101 1812 1139 p.
1836 1089 1885 1128 41
1910 1088 1975 1142 A);
2001 1088 2052 1127 ad
2079 1088 2246 1141 aliquem
2270 1088 2343 1128 fari
2368 1089 2464 1129 mihi

229 1157 384 1208 quidem
410 1153 645 1198 inauditum;
672 1165 750 1190 non
776 1151 906 1189 minus
934 1155 1152 1201 suspectum
1179 1154 1239 1188 est
1263 1163 1298 1200 p.
1329 1150 1440 1198 1007,
1467 1151 1494 1188 4
1527 1149 1795 1199 indissolutns,
1829 1151 1897 1189 ubi
1922 1152 2160 1202 Augustinus
2186 1151 2464 1191 indissolubilis
2584 1147 2671 1243 ἦ

226 1218 403 1273 praebet:
430 1220 635 1267 utrumque
660 1211 914 1253 barbaricum.
957 1210 1069 1263 1008,
1098 1212 1147 1252 18
1175 1212 1240 1262 ,,ἰιι
1267 1211 1348 1251 suis
1373 1210 1544 1252 moribus
1571 1210 1787 1252 simillimas
1818 1211 1987 1267 figuras“
2021 1212 2136 1265 (Tim.
2164 1225 2200 1266 p.
2226 1212 2278 1254 42
2305 1211 2364 1265 C),
2398 1212 2467 1254 ubi
2602 1223 2605 1225 ·

224 1285 317 1321 noto
342 1281 480 1318 miram
498 1276 701 1316 verborum
725 1275 1029 1314 collocationem.
1075 1274 1188 1323 1009,
1208 1276 1232 1313 9
1260 1275 1480 1324 „parvitas“
1505 1274 1717 1312 notandum
1746 1273 1862 1326 (Tim.
1889 1288 1926 1326 p.
1943 1275 1995 1314 43
2013 1276 2075 1325 A).
2117 1276 2231 1315 1009.
2255 1276 2303 1314 Ιιι
2328 1275 2469 1315 lacuna

227 1344 353 1384 locum
380 1342 530 1380 invenit
556 1337 819 1388 ,‚deienstrix“
846 1335 1046 1385 Prisciani,
1074 1335 1121 1374 de
1146 1335 1234 1374 XII.
1262 1349 1362 1374 vers.
1390 1337 1483 1375 Aen.
1511 1350 1542 1375 c.
1569 1337 1606 1375 2.
1634 1336 1658 1383 ἓ
1687 1337 1735 1376 16
1766 1335 1883 1387 (Tim.
1909 1351 1945 1388 p.
1972 1338 2025 1377 45
2051 1337 2103 1389 D)
2131 1339 2364 1390 σωτηρίαν).

346 1402 553 1443 Praeterea
577 1400 683 1440 locos
711 1411 778 1439 eos
805 1396 1017 1437 exscribere
1043 1396 1171 1448 liceat,
1197 1398 1237 1436 in
1265 1397 1405 1449 quibus
1431 1398 1618 1450 interpres
1643 1410 1789 1437 morem
1826 1397 2018 1439 Ciceronis
2045 1399 2203 1439 imitans
2229 1398 2370 1439 Latino
2395 1412 2468 1441 vo·

223 1466 372 1515 cabulo,
401 1468 470 1504 aut
495 1467 651 1515 propter
676 1462 890 1501 novitatem
917 1464 986 1499 aut
1011 1464 1165 1511 propter
1192 1459 1466 1499 obscuritatem
1493 1459 1680 1499 Graecum
1708 1473 1793 1500 esse
1818 1461 2089 1513 adponendum
2115 1461 2378 1501 existimabat:

348 1527 438 1576 997,
467 1526 489 1565 7
519 1524 636 1575 (Tim.
663 1539 700 1575 p.
728 1525 776 1563 31
806 1523 863 1575 C).
918 1521 963 1560 Id
996 1523 1138 1573 optime
1172 1523 1412 1572 assequitur,
1448 1535 1546 1573 quae
1580 1522 1721 1561 Graece
1749 1519 1960 1571 ἀναλογία,
1991 1522 2130 1562 Latine
2165 1546 2216 1552 —
2250 1523 2469 1563 audendum

224 1595 286 1632 est
311 1590 427 1639 enim,
454 1587 637 1639 quoniam
663 1584 760 1625 hacc
786 1585 951 1637 primum
978 1597 1002 1624 a
1028 1583 1139 1624 nobis
1165 1588 1360 1624 novantur
1385 1603 1437 1613 —-
1471 1584 1705 1635 comparatio
1740 1585 1982 1636 proportiove
2012 1585 2086 1625 dici
2112 1588 2252 1637 potest.
2305 1584 2418 1635 1000,
2444 1585 2471 1627 8

227 1653 343 1704 (Tim.
379 1664 416 1702 p.
452 1650 504 1688 33
537 1649 600 1701 B).
660 1648 713 1686 Et
745 1647 947 1699 globosum
983 1651 1043 1684 est
1074 1646 1303 1691 fabricatum
1345 1646 1448 1696 quod
1483 1646 1740 1698 σφαιροειδές
1773 1646 1906 1685 Graeci
1938 1651 2092 1686 vocant.
2146 1647 2261 1696 1002,
2297 1648 2317 1686 1
2352 1646 2469 1699 (Tim.

226 1731 263 1767 p.
290 1716 342 1756 36
368 1714 418 1764 A)
446 1725 544 1764 quas
572 1713 612 1749 in
639 1709 856 1750 intervallis
881 1711 938 1748 ita
964 1709 1127 1756 locabat,
1164 1714 1209 1747 ut
1242 1709 1282 1746 in
1318 1708 1482 1759 singulis
1516 1713 1646 1747 essent
1672 1709 1764 1748 bina
1790 1710 1935 1749 media:
1971 1712 2040 1749 vix
2067 1712 2168 1749 enim
2196 1710 2319 1749 audeo
2346 1710 2473 1750 dicere

224 1775 466 1824 medietates,
494 1786 592 1826 quas
620 1771 757 1812 Graeci
782 1769 1005 1823 μεσότητας
1037 1769 1252 1822 appellant,
1285 1769 1352 1810 scd
1380 1771 1491 1822 quasi
1522 1771 1578 1811 ita
1603 1770 1765 1811 dixerim
1790 1770 2053 1824 intellegatur;
2081 1772 2153 1812 erit
2180 1771 2282 1811 enim
2306 1770 2471 1823 planius.

228 1838 343 1887 1003,
371 1838 395 1877 8
423 1835 540 1887 (Tim.
568 1848 604 1886 p.
632 1836 683 1873 36
710 1833 773 1884 Ε).
826 1834 898 1871 Est
925 1836 1056 1871 autem
1084 1831 1272 1884 (animus)
1299 1845 1399 1870 unus
1427 1845 1474 1870 ex
1502 1832 1681 1870 omnibus
1707 1834 1869 1872 rationis
1896 1834 2244 1884 concentionisque,
2271 1846 2369 1885 quae
2395 1832 2473 1885 ἄρ·

226 1902 351 1951 μονία
378 1898 533 1945 Graece,
569 1896 890 1947 sempiternarum
917 1907 1042 1933 rerum
1070 1899 1110 1933 ct
1135 1894 1207 1933 sub
1236 1893 1541 1945 intellegentiam
1569 1893 1788 1933 cadentium
1815 1908 1969 1947 compos
1989 1900 2028 1935 et
2044 1897 2246 1947 particeps.
2288 1895 2400 1945 1005,
2418 1896 2472 1936 26

228 1961 346 2012 (Tim.
373 1972 410 2010 p.
437 1960 489 1998 40
516 1958 565 2009 B)
593 1962 636 1995 ut
662 1957 765 1995 hunc
791 1957 982 1994 varietate
1009 1956 1235 1994 distinctum
1269 1955 1366 1994 bene
1402 1955 1537 1994 Graeci
1563 1954 1731 2004 κόσμον,
1764 1969 1834 1995 nos
1868 1957 2059 1996 lucentem
2084 1957 2270 1996 mundum
2296 1957 2470 1996 nomina·

229 2035 370 2063 remus.
426 2019 540 2069 1006,
569 2019 618 2058 16
646 2018 762 2069 (Tim.
789 2032 826 2068 p.
853 2018 905 2057 40
931 2016 995 2068 D).
1042 2016 1291 2066 Reliquorum
1318 2021 1460 2066 autem,
1488 2030 1583 2068 quos
1611 2015 1743 2056 Graeci
1770 2017 1970 2068 δαίμονας
1996 2018 2201 2069 appellant,
2228 2019 2361 2068 nostri,
2389 2019 2469 2069 opi-

228 2098 311 2135 nor,
338 2083 472 2134 Lares,
499 2081 533 2122 si
559 2079 673 2121 modo
700 2079 774 2120 hoc
800 2082 901 2119 recte
928 2091 1157 2119 conversum
1183 2078 1306 2119 videri
1332 2083 1478 2132 potest,
1513 2082 1553 2118 et
1579 2090 1693 2118 nosse
1731 2083 1770 2120 et
1796 2081 1996 2122 enuntiare
2023 2084 2150 2122 ortum
2182 2093 2314 2122 eorum
2344 2080 2473 2133 majus

228 2153 299 2198 est,
328 2158 446 2198 quam
473 2149 518 2184 ut
543 2143 714 2196 profiteri
740 2155 812 2181 nos
839 2142 1002 2181 scribere
1030 2142 1255 2181 audeamus.

350 2209 435 2248 Hos
462 2206 568 2247 locos
595 2219 682 2245 cum
709 2218 865 2257 operum
892 2204 1241 2255 philosophicorum
1267 2204 1459 2245 Ciceronis
1487 2205 1796 2255 comparantibus
1821 2205 1934 2245 nobis
1960 2205 2073 2245 facile
2096 2211 2255 2258 apparet
2281 2205 2330 2246 ab
2352 2206 2470 2245 inter-

229 2277 338 2326 prete
363 2269 570 2323 fragmenti
595 2267 728 2319 magni
754 2266 857 2306 illius
882 2266 1143 2306 Romanorum
1169 2266 1388 2319 philosophi
1406 2266 1688 2320 quodammodo
1715 2279 1800 2307 esse
1818 2268 2007 2308 rationem
2026 2267 2200 2309 habitam
2217 2268 2284 2320 ita,
2311 2271 2356 2308 ut
2372 2279 2470 2320 quae

224 2333 416 2374 vocabula
436 2334 516 2383 jam
543 2331 611 2370 illo
640 2334 771 2368 essent
796 2335 951 2380 novata,
980 2331 1020 2367 in
1037 2330 1195 2368 Timaeo
1223 2342 1301 2367 non
1328 2333 1599 2380 repeterentur,
1626 2329 1695 2367 sed
1720 2334 1918 2381 tamquam
1943 2330 2109 2370 Latinae
2135 2331 2293 2382 linguae
2318 2331 2472 2381 propria

229 2395 503 2437 adhiberentur
529 2393 623 2445 (nisi
650 2391 752 2444 quod
785 2393 825 2431 in
853 2392 966 2431 Tusc.
995 2391 1091 2442 disp.
1125 2396 1165 2431 et
1191 2393 1231 2430 in
1258 2391 1367 2431 libris
1394 2392 1440 2430 de
1468 2396 1547 2430 nat.
1576 2391 1677 2431 deor.
1704 2393 1853 2443 proprie
1887 2391 2061 2433 adhibita
2094 2397 2155 2432 est
2176 2394 2259 2444 Jam
2292 2404 2370 2432 vox
2396 2388 2469 2442 ἆρ-

229 2456 406 2509 porcas).
446 2454 644 2504 Quomodo
672 2453 746 2493 hac
774 2466 821 2493 ex
848 2465 888 2493 re
915 2466 990 2505 quo
1018 2457 1191 2506 tempore
1220 2457 1326 2494 ortus
1353 2454 1404 2493 sit
1424 2453 1605 2493 Timaeus
1630 2454 1752 2505 possit
1777 2453 1963 2504 concludi,
1988 2454 2089 2494 infra·
2115 2453 2315 2495 ostendam
2341 2465 2469 2494 exem-

230 2520 308 2573 plis
335 2517 581 2558 confirmabo.
633 2516 765 2568 Neque
799 2520 928 2555 tamen
965 2516 1100 2555 deesse
1135 2516 1197 2555 hic
1232 2528 1381 2567 quoque
1417 2515 1619 2554 discrimen
1654 2517 1754 2555 inter
1781 2515 2000 2556 Ciceronem
2032 2521 2072 2556 et
2096 2517 2341 2569 interpretem
2366 2515 2470 2567 frag-

231 2582 367 2631 menti,
394 2580 505 2619 facile
533 2579 727 2630 concedes,
756 2579 790 2616 si
817 2578 1033 2617 consideres
1069 2591 1155 2616 esse
1190 2580 1230 2616 in
1266 2577 1326 2616 his
1355 2591 1422 2616 sex
1454 2577 1548 2615 locis
1576 2578 1691 2627 duos,
1724 2578 1863 2628 quibus
1888 2580 1922 2617 is
1948 2580 2013 2629 qui
2039 2580 2202 2618 novavit
2226 2579 2473 2618 novationem

232 2642 493 2684 excusandam
521 2641 594 2680 sibi
621 2653 707 2680 esse
733 2640 938 2691 putaverit,
966 2640 1005 2678 id
1032 2639 1134 2691 quod
1161 2640 1202 2678 in
1229 2638 1487 2679 Ciceronianis
1512 2639 1607 2679 locis
1632 2640 1775 2680 frustra
1801 2653 1978 2692 quaeras·

356 2703 465 2744 Haec
492 2706 584 2743 sunt
609 2702 699 2752 fere,
727 2715 825 2754 quae
852 2702 892 2741 in
919 2700 1204 2753 perscrutandis
1235 2699 1296 2741 his
1322 2702 1455 2754 paucis
1482 2702 1634 2754 paginis
1660 2702 1709 2743 ab
1736 2716 1811 2743 usu
1837 2702 1987 2743 dicendi
2013 2701 2205 2742 Ciceronis
2231 2699 2478 2742 abhorrentia
2656 2712 2671 2732 ι

235 2767 450 2810 inciderint,
477 2764 611 2804 multis
638 2769 768 2803 tamen
794 2764 888 2803 locis
915 2765 1057 2814 missis,
1086 2765 1151 2815 qui
1169 2763 1334 2803 leviores
1356 2763 1598 2815 videbantur,
1626 2777 1741 2816 quam
1765 2769 1811 2805 ut
1831 2765 2119 2818 compositionis
2144 2763 2201 2803 illi
2226 2760 2492 2814 abnegandae.

235 2829 430 2869 adferrent
455 2828 737 2867 necessitatem.
791 2826 921 2877 Neque
948 2827 1049 2865 enim
1076 2840 1161 2865 sum
1193 2827 1351 2878 ignarus
1380 2826 1486 2865 aliud
1514 2839 1599 2865 esse
1625 2827 1772 2867 calamo
1806 2828 1925 2868 libero
1961 2841 2030 2867 suo
2057 2828 2179 2879 ipsius
2204 2825 2349 2876 ingenii
2363 2822 2477 2874 cogi·
2574 2875 2577 2877 q
2621 2865 2623 2868 ,
2652 2809 2671 2896 ³34³

233 2897 318 2932 tata
351 2889 490 2931 litteris
525 2888 729 2939 mandare,
758 2888 863 2931 aliud
890 2901 951 2929 res
978 2888 1287 2930 abstrusissimas
1316 2894 1354 2929 et
1382 2888 1675 2930 obscurissimas
1700 2890 1819 2932 verbo
1846 2895 1959 2931 tenus
1986 2903 2033 2930 ex
2059 2889 2203 2930 Graeco
2230 2887 2270 2928 in
2296 2885 2494 2929 Latinum
2542 2904 2548 2911 ·
2580 2897 2671 2979 ιέ
