2671 3245
448 610 911 698 Quaestiones
965 608 1258 690 criticae
1310 606 1395 688 in
1447 607 1824 689 Timaeum
1877 607 2236 693 Ciceronis

853 769 891 827 e
943 742 1243 827 Platone
1297 743 1836 848 transcriptum.

355 926 593 999 opusculum
628 946 731 996 illud,
767 947 806 985 in
841 959 915 998 quo
942 958 1031 997 pars
1058 945 1232 985 Platonis
1259 944 1404 998 dialogi
1437 945 1584 985 Timaei
1610 947 1650 984 in
1675 945 1856 985 Latinum
1884 959 2097 987 sermonem
2132 945 2322 988 translata
2356 947 2459 987 inter

233 1012 424 1053 Ciceronis
452 1023 567 1062 opera
592 1014 731 1060 exstat,
759 1023 844 1049 eam
869 1009 994 1061 ipsam
1023 1008 1071 1048 ab
1099 1022 1254 1048 causam
1290 1009 1546 1060 suspicionem
1580 1007 1724 1059 adfert,
1763 1008 1874 1060 quod,
1912 1022 1999 1049 cum
2025 1008 2142 1049 nullis
2168 1010 2245 1049 nisi
2272 1009 2456 1049 extremis

230 1074 421 1114 Ciceronis
448 1072 683 1122 temporibus
710 1076 835 1110 ortum
863 1073 924 1121 sit,
958 1071 1250 1110 translationem
1276 1071 1437 1109 verbum
1464 1084 1488 1109 a
1518 1071 1635 1109 verbo
1668 1071 1888 1111 reddentem
1921 1074 2005 1111 seni
2030 1073 2129 1110 inter
2160 1073 2298 1111 intima
2329 1071 2460 1111 studia

229 1141 347 1189 atque
372 1135 622 1186 gravissimas
649 1146 758 1173 curas
784 1134 956 1172 versanti
983 1146 1061 1172 non
1087 1132 1199 1172 facile
1226 1133 1478 1172 concedimus.
1532 1133 1605 1173 Sed
1640 1133 1688 1171 de
1723 1132 1795 1172 hac
1825 1147 1865 1172 re
1899 1133 1999 1172 infra
2034 1133 2235 1173 dicendum
2261 1133 2375 1172 nobis
2400 1138 2461 1172 est

228 1198 363 1238 fusius.
418 1196 460 1236 Si
491 1209 595 1245 vero,
632 1196 671 1234 id
706 1196 807 1247 quod
841 1196 962 1247 primo
997 1195 1180 1247 adspectu
1205 1194 1435 1246 conspicias,
1463 1208 1540 1235 non
1567 1208 1689 1246 pauca
1713 1195 1864 1245 insunt,
1892 1208 1989 1246 quae
2016 1194 2066 1234 ab
2093 1194 2283 1235 Ciceronis
2309 1194 2459 1235 dicendi

228 1258 503 1300 consuetudine
531 1257 739 1308 discedant,
768 1261 827 1297 est
852 1270 957 1307 sane,
985 1269 1050 1296 cur
1077 1261 1202 1297 totum
1221 1257 1441 1310 opusculum
1468 1258 1684 1297 accuratius
1710 1258 2000 1310 investigemus.
2044 1257 2174 1310 Neque
2192 1262 2322 1296 tamen
2349 1269 2459 1309 prae-

227 1328 287 1362 ter
313 1321 353 1361 C.
380 1320 442 1359 Fr.
468 1320 731 1359 Hermannum
759 1333 783 1358 a
814 1332 1004 1370 quoquam
1032 1323 1209 1371 separata
1236 1320 1491 1371 disputatione
1519 1319 1677 1371 dignum
1703 1318 1878 1359 habitum
1913 1324 1983 1358 est.
2044 1319 2249 1371 Exiguitas
2281 1319 2394 1359 credo
2420 1323 2460 1358 et

229 1384 443 1424 obscuritas
470 1381 641 1433 opusculi
669 1381 828 1431 obstitit,
856 1395 905 1420 ne
931 1381 1105 1423 hemines
1133 1381 1234 1420 docti
1251 1395 1329 1431 eos,
1358 1383 1423 1432 qui
1448 1381 1498 1421 ad
1523 1381 1623 1420 hanc
1649 1383 1912 1432 quaestionem
1929 1382 2174 1433 pertinerent,
2200 1380 2304 1421 locos
2323 1383 2459 1434 singu·
2634 1434 2637 1436 ‚
2659 1422 2671 1441 ᾖ

228 1446 339 1486 latim
364 1445 643 1496 investigarent
668 1447 784 1495 atque
812 1443 1044 1496 colligerent.
1095 1444 1220 1493 Quare
1247 1445 1362 1484 etiam
1389 1444 1532 1483 factum
1558 1444 1721 1494 videtur,
1749 1449 1793 1484 ut
1819 1443 2044 1496 opusculum
2071 1444 2122 1494 id,
2150 1443 2252 1495 quod
2272 1446 2354 1496 jam
2382 1443 2461 1496 pri·
2471 1436 2671 1522 t

230 1509 318 1549 dem
345 1507 592 1548 offensionem
621 1507 845 1557 creavisset,
882 1519 993 1545 nemo
1021 1506 1147 1546 adhuc
1174 1508 1256 1546 sine
1283 1507 1364 1546 ulla
1398 1506 1634 1546 dubitatione
1661 1507 1830 1547 Ciceroni
1865 1506 2056 1558 abnegare
2083 1506 2135 1545 sit
2161 1519 2289 1547 ausus.
2345 1508 2399 1547 Ac
2425 1507 2465 1547 si
2552 1504 2579 1509 ‘⁴

192 1620 198 1625 ,
229 1571 337 1611 nulla
362 1571 466 1609 esset
491 1582 619 1618 causa,
647 1582 746 1620 quae
772 1570 1039 1608 auctoritatem
1075 1568 1265 1608 Ciceronis
1299 1571 1339 1608 in
1367 1570 1647 1608 dubitationem
1672 1573 1845 1619 vocaret,
1881 1574 2032 1620 praeter
2058 1568 2184 1619 illam,
2215 1582 2313 1619 quae
2339 1569 2462 1609 allata
2648 1573 2671 1619 ‘3

230 1637 292 1672 est
316 1645 341 1671 a
368 1631 407 1671 C.
434 1631 496 1671 Fr.
523 1631 744 1670 Hermanno
771 1632 810 1670 in
837 1631 1107 1671 dissertatione
1135 1630 1207 1681 „de
1234 1632 1544 1683 interpretatione
1572 1632 1743 1671 Timaei“
1770 1632 1963 1683 inscripta,
1993 1632 2034 1670 in
2060 1644 2136 1683 qua
2160 1643 2246 1682 pag.
2274 1635 2387 1670 sexta
2413 1632 2461 1672 de
2622 1631 2625 1633 ’
2650 1634 2658 1642 ”

231 1694 458 1746 quibusdam
485 1694 524 1732 in
550 1693 765 1745 fragmento
792 1694 945 1732 novatis
972 1694 1144 1732 terminis
1172 1693 1355 1733 technicis
1383 1694 1434 1745 (si
1460 1693 1522 1732 fas
1548 1698 1608 1732 est
1642 1693 1714 1732 hac
1739 1706 1834 1733 voce
1866 1695 1940 1744 uti)
1967 1693 2086 1732 verba
2118 1693 2209 1731 fecit
2233 1693 2460 1734 nonnullos-

231 1769 305 1806 que
333 1757 373 1795 in
400 1756 647 1795 adnotatione
676 1754 837 1806 collegit,
865 1755 899 1794 si
924 1754 1031 1794 nulla
1057 1759 1161 1794 esset
1187 1768 1305 1795 causa
1331 1759 1480 1807 praeter
1505 1756 1623 1805 illam,
1652 1769 1750 1807 quae
1776 1760 1820 1794 ut
1844 1756 1925 1806 ipse
1951 1768 2101 1807 quoque
2119 1754 2364 1795 Her-mannus
2391 1756 2461 1795 ad-

224 1818 331 1869 jecit,
363 1816 462 1856 nihil
499 1817 684 1862 ostendit,
719 1816 795 1855 nisi
827 1820 1002 1855 accurate
1036 1829 1078 1855 se
1104 1815 1216 1856 illum
1248 1819 1312 1868 qui
1347 1818 1631 1858 transvertebat
1666 1817 1836 1868 exemplo
1873 1829 1942 1856 suo
1970 1816 2181 1866 addixisse,
2213 1817 2384 1868 profecto
2412 1831 2463 1858 ne

229 1880 397 1930 priorum
424 1878 578 1930 quidem
612 1879 838 1930 quisquam,
875 1879 965 1929 quin
999 1877 1150 1918 libellus
1186 1892 1211 1918 a
1238 1879 1416 1919 Cicerone
1449 1880 1532 1931 ipso
1568 1884 1671 1919 esset
1704 1884 1810 1919 ortus
1847 1879 2118 1929 dubitavisset,
2152 1878 2293 1917 nedum
2327 1884 2464 1921 nostra
2532 1892 2535 1893 ’

229 1945 349 1991 aetas,
377 1953 476 1992 quae
501 1953 562 1979 res
590 1941 740 1979 criticas
766 1934 792 1979 a
815 1939 1049 1991 principibus
1075 1939 1305 1993 philologiae
1338 1946 1447 1981 caute
1472 1955 1550 1981 non
1586 1941 1711 1981 solum
1737 1942 1805 1980 sed
1832 1942 1976 1980 ratione
2004 1945 2042 1979 et
2071 1941 2137 1979 via
2162 1944 2328 1980 tractare
2360 1942 2461 1981 didi·

230 2004 295 2042 cit.
348 2004 443 2052 Quis
477 2004 578 2042 enim
612 2006 692 2041 tam
720 2002 876 2041 demens
903 2007 980 2046 est,
1016 2007 1060 2041 ut
1090 2004 1154 2054 jus
1187 2002 1357 2042 Ciceroni
1384 2003 1564 2055 deneget,
1601 2003 1704 2055 quod
1730 2004 1811 2055 ipse
1843 2004 2040 2053 usurpavit
2066 2014 2151 2040 cum
2179 2001 2278 2042 dixit
2304 2002 2353 2042 de
2379 2010 2461 2045 nat.

230 2065 333 2105 deor.
361 2065 399 2112 I;
435 2066 472 2114 4,
500 2065 524 2106 8
558 2068 735 2114 „tantum
769 2064 976 2115 profecisse
1001 2065 1198 2115 videmur,
1233 2070 1277 2104 ut
1313 2079 1338 2105 a
1362 2066 1516 2106 Graecis
1551 2080 1599 2106 ne
1625 2066 1829 2106 verborum
1856 2064 2008 2117 quidem
2043 2065 2151 2115 copia
2176 2064 2461 2114 vinceremur;“

230 2125 333 2165 idem
360 2126 487 2178 „quod
513 2127 547 2164 si
572 2127 612 2165 in
639 2138 686 2164 ea
711 2125 856 2176 lingua,
883 2138 996 2176 quam
1025 2126 1192 2178 plerique
1219 2126 1431 2165 uberiorem
1457 2133 1605 2178 putant,
1634 2140 1856 2166 concessum
1882 2132 1950 2175 est,
1978 2130 2021 2164 ut
2047 2126 2260 2164 doctissimi
2285 2125 2464 2168 homines

231 2187 280 2227 de
306 2187 421 2227 rebus
447 2201 525 2227 non
550 2188 787 2240 pervulgatis
814 2189 1011 2228 inusitatis
1036 2189 1164 2228 verbis
1190 2193 1407 2240 uterentur,
1434 2195 1577 2241 quanto
1611 2190 1651 2229 id
1685 2189 1796 2229 nobis
1831 2189 1953 2239 magis
1980 2191 2039 2226 est
2071 2187 2368 2240 concedendum,
2396 2191 2464 2242 qui
2500 2240 2502 2242 ‚

232 2263 279 2289 ea
305 2263 405 2290 nunc
430 2250 595 2302 primum
630 2251 816 2290 audemus
850 2252 1077 2303 attingere.“
1128 2252 1252 2303 Atque
1279 2252 1319 2290 111
1347 2253 1450 2292 0111111
1478 2257 1572 2303 arte,
1601 2254 1708 2304 cujus
1744 2264 1837 2291 usus
1871 2251 2080 2290 communis
2107 2249 2359 2303 vulgarisque
2385 2265 2464 2293 nou

200 2359 209 2369 “
232 2313 297 2361 sit,
324 2312 448 2352 multa
474 2314 628 2352 novitas
655 2318 714 2352 est
739 2312 959 2360 nominum;
994 2315 1080 2365 quis
1115 2315 1232 2366 igitur
1257 2326 1335 2352 non
1367 2316 1597 2354 concesserit
1624 2315 1811 2363 Ciceroni,
1845 2318 1888 2352 ut
1914 2314 1953 2351 in
1979 2313 2027 2350 iis
2054 2324 2154 2363 quae
2179 2325 2257 2351 non
2284 2315 2361 2353 nisi
2389 2316 2463 2354 cir-

232 2375 338 2413 cuitu
363 2375 568 2415 verborum
594 2380 752 2427 possent
778 2377 939 2427 exprimi
965 2377 1090 2426 rebus,
1127 2389 1201 2426 quo
1238 2376 1448 2427 simplicius
1484 2383 1608 2429 atque·
1634 2378 1851 2416 concinnius
1876 2374 2009 2414 flueret
2044 2375 2166 2413 oratio
2194 2377 2370 2417 terminis
2397 2379 2464 2430 qui

233 2434 409 2475 dicuntur
434 2436 618 2476 technicis
645 2438 769 2487 iisque
795 2438 950 2477 novatis
976 2442 1170 2477 uteretur?
1198 2438 1374 2489 Augebat
1391 2440 1508 2479 etiam
1534 2439 1797 2479 difficultatem
1816 2437 2026 2477 obscuritas
2044 2435 2189 2488 dialogi
2216 2436 2395 2479 Platonis
2413 2440 2465 2480 ad

231 2496 390 2536 verbum
416 2498 456 2537 in
483 2498 647 2538 latinum
674 2512 887 2538 sermonem
913 2499 1179 2539 transferendi.
2187 2493 2189 2495 ¹

357 2559 504 2607 Quodsi
528 2561 591 2600 his
617 2563 774 2613 ejusque
799 2562 904 2601 modi
929 2563 1043 2601 rebus
1070 2564 1277 2602 auctoritas
1306 2562 1496 2604 Ciceronis
1522 2578 1599 2603 non
1626 2563 1886 2612 labefactatur,
1914 2563 1996 2613 jam
2023 2575 2081 2612 ea,
2108 2562 2248 2614 quibus
2274 2563 2315 2603 id
2341 2567 2467 2617 possit
2504 2583 2512 2594 ¹

231 2621 317 2660 fieri
341 2620 491 2672 melius,
519 2625 558 2662 in
585 2625 753 2663 medium
781 2629 872 2664 sunt
904 2625 1139 2676 proferenda,
1166 2626 1233 2674 ita,
1260 2630 1303 2664 ut
1331 2631 1370 2665 et
1394 2627 1453 2677 iis,
1489 2639 1585 2677 quae
1612 2640 1636 2665 a
1661 2624 1847 2665 scribendi
1874 2637 1979 2664 more
2006 2624 2198 2677 modoque
2223 2625 2329 2666 illius
2356 2629 2466 2680 copia

231 2682 446 2722 litterarum
471 2689 585 2736 atque
612 2687 837 2737 scriptorum
863 2686 1035 2726 florentis
1061 2686 1227 2726 Romani
1252 2688 1291 2725 in
1318 2689 1539 2728 universum
1575 2693 1614 2727 et
1638 2689 1685 2726 iis
1721 2699 1818 2739 quae
1844 2699 1869 2725 a
1893 2685 2058 2726 flexione
2093 2687 2158 2726 vel
2185 2688 2465 2740 significatione

233 2744 436 2783 verborum
463 2746 701 2797 singulorum
735 2749 966 2800 discrepent,
1000 2748 1167 2787 collectis
1199 2753 1238 2787 et
1263 2750 1318 2787 ita
1344 2752 1466 2801 prima
1502 2750 1743 2801 quaestione,
1780 2752 1910 2786 utrum
1942 2748 2136 2800 Ciceronis
2162 2750 2216 2787 sit
2241 2750 2466 2801 opusculum

230 2819 282 2846 an
308 2819 398 2855 non,
425 2805 634 2870 dijudicata
655 2811 736 2860 jam
761 2810 810 2850 ad
836 2810 1008 2860 alteram,
1036 2824 1060 2850 a
1086 2825 1160 2861 quo
1188 2816 1225 2850 et
1252 2824 1326 2862 quo
1355 2812 1511 2851 consilio
1539 2813 1590 2850 sit
1616 2811 1878 2861 compositum,
1905 2815 2160 2851 transeamus
2193 2869 2213 2907 1
