2671 3245
249 262 268 269 ⁴⁷
293 213 422 262 nihil
446 213 551 267 quod
580 213 708 267 magis
743 211 794 255 ad
818 213 903 254 veri
927 211 1221 254 similitudinem
1248 213 1416 266 accedat,
1454 226 1663 267 possumus
1698 213 1936 257 concludere.
1989 215 2253 258 Hermannum
2286 217 2408 271 igitur

160 289 291 344 w
325 278 533 322 audiamus
558 276 585 317 l.
612 289 643 317 c.
670 290 709 329 p.
737 278 798 319 10.
850 276 954 318 Loco
982 275 1176 317 Ciceronis
1210 276 1259 317 de
1295 277 1456 318 divinat.
1482 276 1540 325 11;
1579 277 1616 328 2,
1644 276 1671 317 4
1698 279 1910 331 exscripto:
1947 278 2097 328 „adhuc
2129 278 2228 321 haec
2253 280 2405 333 (opera)

159 330 288 390 cruit.
337 340 397 382 Ad
423 338 572 391 reliqua
589 338 707 379 alacri
724 339 978 379 tendebamus
1004 339 1146 389 animo,
1174 339 1231 379 sic
1247 340 1384 391 parati,
1410 344 1455 378 ut
1471 340 1547 379 nisi
1574 352 1673 391 quae
1697 351 1815 379 causa
1833 341 1987 392 gravior
2005 340 2229 393 obstitisset,
2255 342 2406 383 nullum

87 414 90 416 ’
110 417 128 438 ι
161 388 430 459 philosophiae
457 400 582 442 locum
609 414 696 441 esse
721 405 949 453 pateremur,
977 401 1045 454 qui
1070 413 1148 441 non
1166 399 1319 441 Latinis
1346 400 1484 442 litteris
1511 401 1728 442 illustratus
1753 403 1928 454 pateret“
1955 403 2037 455 ipse
2063 404 2204 456 pergit:
2232 404 2405 455 „Quodsi

161 459 241 509 hoc
265 469 366 507 certe
393 468 502 505 extra
527 477 681 504 omnem
708 464 988 505 dubitationem
1013 464 1182 515 positum
1210 467 1280 514 est,
1317 476 1403 503 eam
1428 463 1694 516 philosophiae
1720 469 1881 518 partem,
1915 478 2014 517 quae
2041 465 2088 505 de
2114 478 2239 506 rerum
2263 471 2406 509 natura

0 537 2 544 ’
30 553 36 562 ·
101 533 105 535 ’
166 533 239 579 est,
257 528 327 571 his
353 526 654 580 quaestionibus,
682 540 780 579 quae
807 526 857 566 ad
876 526 968 566 deos
986 525 1187 578 fatumque
1212 525 1418 578 pertinent,
1445 540 1523 566 non
1548 526 1712 578 absolvi,
1740 529 1826 580 ipse
1849 527 2042 568 Ciceronis
2067 529 2288 569 testimonio
2313 530 2404 571 freti

154 584 210 632 'et
231 590 317 631 fieri
341 590 518 641 potuisse
544 593 583 629 et
609 589 683 640 ipsi
700 590 937 641 propositum
962 588 1084 628 fuisse
1102 592 1330 639 statuemus,
1357 592 1402 628 ut
1429 589 1544 628 etiam
1569 589 1737 642 reliquos
1757 591 1841 630 eius
1867 591 1988 642 partis
2015 590 2119 631 locos
2146 590 2194 630 de
2212 593 2404 632 creatione

166 652 303 694 mundi
329 656 369 692 et
392 651 555 692 humani
582 652 748 704 corporis
774 650 921 690 fabrica
947 650 1125 703 deinceps
1151 654 1346 690 tractaret.
1398 650 1445 689 Id
1471 664 1560 690 vero
1588 653 1622 690 si
1648 652 1749 703 fecit,
1785 651 1921 691 eodem
1948 652 2062 692 modo
2089 652 2173 692 fieri
2199 659 2403 694 consenta-

84 714 92 724 '
166 727 282 756 neum
307 718 402 768 erat,
440 727 553 766 quem
580 715 697 754 etiam
723 713 860 765 reliqui
886 713 993 763 libri,
1027 714 1093 765 qui
1120 726 1168 753 ex
1201 713 1275 753 hoc
1301 713 1393 752 orbe
1429 718 1594 763 exstant,
1626 728 1717 765 prae
1743 728 1786 754 se
1813 715 1951 764 ferunt,
1984 720 2028 754 ut
2061 716 2257 756 variarum
2290 716 2402 758 scho-

164 776 289 817 larum
320 775 463 828 placita
498 790 523 816 a
548 776 668 815 variis
694 774 916 815 hominibus
942 780 1176 825 enarrentur,
1212 776 1334 826 ipsius
1361 779 1493 814 autem
1530 777 1723 827 scriptoris
1756 777 1957 819 sententiav
1980 781 2051 816 aut
2082 777 2123 816 in
2149 777 2226 817 fine
2251 782 2403 819 tantum

165 837 324 881 accedat
355 843 423 879 aut
456 838 594 879 ceteris
625 839 684 877 ita
716 841 940 890 opponatur,
974 842 1020 877 ut
1055 836 1306 877 nihilominus
1340 837 1382 876 in
1413 841 1615 889 utramque
1648 842 1797 889 partem
1829 838 2019 889 disputari
2051 851 2169 890 posse
2199 846 2402 891 appaream

166 914 265 953 quae
291 914 378 940 cum
404 902 461 940 ita
494 902 591 950 sint,
626 914 743 951 quum
777 899 873 940 nihil
906 913 953 940 ex
980 900 1157 940 omnibus
1191 903 1382 952 quotquot
1413 900 1592 939 novimus
1619 899 1949 941 Ciceronianamm
1980 900 2197 941 litterarum
2229 903 2403 956 reliquiis

163 961 216 1003 ad
241 961 469 1015 explendam
495 961 694 1012 lacunam,
731 974 847 1013 quam
878 962 920 1001 in
953 963 1038 1014 ipso
1074 962 1301 1013 scriptorum
1335 960 1685 1013 philosophicorum
1717 962 1794 1000 fine
1829 975 2027 1002 remanere
2053 964 2234 1013 diximus,
2271 967 2402 1016 aptius

165 1025 346 1064 videatur
372 1038 488 1075 quam
514 1025 554 1062 id
581 1030 858 1075 argumentum,
885 1026 927 1063 in
954 1038 1030 1075 quo
1051 1025 1199 1063 Timaei
1226 1037 1351 1062 sermo
1378 1028 1568 1072 versatur,
1595 1022 1698 1063 haud
1724 1025 1801 1063 scio
1829 1038 1879 1063 an
1903 1026 1984 1064 iure
2001 1029 2132 1065 nostro
2151 1027 2403 1078 suspicemur,

166 1086 246 1128 illic
272 1099 425 1140 quoque
451 1086 670 1127 Ciceronem
703 1099 780 1126 non
807 1087 848 1126 in
874 1086 957 1126 sola
981 1085 1207 1138 placitorum
1234 1085 1522 1126 Platonicorum
1548 1086 1858 1137 interpretatione
1884 1085 2116 1137 substitisse,
2144 1087 2213 1127 sed
2239 1087 2336 1130 haec
2362 1094 2402 1130 et

165 1150 253 1202 ipsa
278 1150 345 1189 uni
377 1153 528 1188 tantum
562 1162 610 1188 ex
645 1148 938 1188 collocutoribus
973 1149 1154 1187 tribuisse
1193 1149 1304 1200 eique
1332 1150 1449 1188 etiam
1477 1148 1556 1187 alia
1582 1148 1819 1187 subiicienda
1844 1144 2019 1198 duxisse,
2048 1150 2187 1199 quibus
2221 1152 2322 1192 inter
2356 1166 2401 1192 se

168 1213 352 1265 oppositis
379 1213 530 1252 demum
558 1211 621 1251 hic
646 1224 795 1263 quoque
821 1211 929 1251 locus
956 1211 1091 1251 eadem
1117 1225 1195 1263 qua
1220 1210 1357 1263 reliqui
1382 1210 1559 1251 ubertate
1585 1210 1800 1251 illustratus
1825 1210 1948 1251 videri
1973 1213 2159 1263 poterat.“
2211 1213 2274 1255 Sic
2300 1214 2400 1256 Her·

166 1287 344 1316 mannus.
404 1273 552 1315 Deinde
586 1273 759 1326 singulas
792 1273 1064 1326 disputationis
1098 1277 1226 1326 partes
1260 1273 1456 1313 distribuit
1488 1275 1594 1313 'inter
1625 1273 1818 1325 Nigidium
1851 1273 2028 1325 Tigulum
2063 1274 2400 1328 Pythogoreorum

164 1337 308 1389 placita
341 1342 380 1377 et
406 1337 626 1389 Cratippum
651 1336 869 1376 Aristotelis
901 1336 1185 1388 physiologiam
1219 1343 1476 1376 enarraturos.
1530 1336 1614 1375 Iam
1639 1336 1858 1387 Madvigius
1885 1336 1948 1387 (de
1974 1336 2057 1376 Fin.
2084 1351 2121 1388 p.
2146 1338 2288 1392 LXIV)
2315 1343 2399 1393 opi-

165 1405 282 1439 natus
308 1404 370 1439 est
397 1400 583 1450 „eandem
609 1400 798 1439 rationem
825 1398 1043 1438 Ciceronem
1075 1399 1117 1437 in
1143 1399 1322 1438 omnibus
1356 1398 1404 1438 de
1439 1397 1683 1450 philosophia
1708 1397 1814 1438 libris
1840 1400 2033 1449 instuisse,
2068 1404 2114 1439 ut
2147 1401 2188 1440 in
2220 1402 2398 1455 singulis,

165 1474 263 1513 quas
289 1466 372 1503 erat
397 1466 648 1512 tractaturus,
680 1459 947 1513 philosophiae
981 1459 1154 1512 partibus
1187 1473 1308 1500 unum
1334 1460 1414 1500 fere
1448 1460 1616 1511 aliquem
1651 1460 1725 1500 sibi
1752 1460 1907 1513 eligeret
1932 1461 2078 1512 ducem,
2121 1475 2235 1514 quem
2261 1476 2398 1517 seque-

108 1548 110 1550 *
161 1529 267 1564 retur
299 1528 338 1564 et
370 1524 636 1576 exprimeret.“
689 1525 813 1573 Atque
846 1522 1118 1574 philosophum
1150 1522 1368 1561 Romanum
1404 1524 1606 1562 Timaeum
1633 1523 1807 1563 Platonis
1840 1537 1917 1563 non
1952 1529 2105 1575 propter
2136 1525 2278 1575 placita
2311 1528 2401 1578 ipsa

162 1586 499 1628 transvertendum
525 1587 732 1635 curavisse,
760 1586 839 1624 iam
866 1598 914 1623 ex
933 1582 1106 1635 consilio,
1135 1598 1211 1636 quo
1231 1585 1385 1624 omnino
1405 1599 1466 1624 res
1485 1584 1771 1637 philosophicas
1790 1584 1990 1634 tractabat,
2020 1585 2244 1627 concludere
2261 1601 2399 1639 posse-

163 1663 263 1701 mus,
289 1649 443 1690 etiamsi
470 1653 593 1688 certos
619 1647 736 1697 locos,
766 1660 813 1686 ex
833 1646 972 1699 quibus
998 1648 1192 1686 sententia
1210 1646 1401 1686 Ciceronis
1429 1647 1476 1686 de
1503 1646 1619 1687 huius
1645 1647 1789 1700 dialogi
1816 1648 2047 1687 obscuritate
2073 1653 2113 1688 et
2138 1649 2400 1691 inconstantia

163 1713 298 1763 elucet,
324 1725 401 1752 non
420 1710 661 1751 haberemus.
701 1709 787 1749 Huc
807 1708 964 1759 accedit,
993 1708 1094 1761 quod
1113 1722 1160 1748 ex
1179 1709 1285 1759 locis,
1313 1710 1354 1748 in
1372 1709 1512 1759 quibus
1533 1710 1723 1750 vocabula
1741 1714 1931 1749 novantur
1957 1714 1995 1748 et
2013 1711 2053 1748 in
2072 1710 2213 1760 quibus
2230 1711 2398 1754 Latinus

163 1775 306 1817 Graeco
334 1774 500 1815 sermoni
528 1772 743 1825 opponitur,
770 1771 1029 1823 intellegimus
1055 1773 1247 1810 neminem
1275 1772 1353 1810 nisi
1370 1772 1588 1811 Romanum
1615 1772 1717 1812 hunc
1735 1772 1882 1811 Timaei
1910 1786 2124 1811 sermonem
2151 1786 2220 1812 suo
2239 1776 2398 1815 nomine

163 1841 442 1879 enarratumm.
495 1836 620 1885 Quare
653 1836 780 1887 opinio
815 1839 948 1874 nostra
984 1833 1129 1885 aliquid
1165 1835 1396 1874 firmamenti
1430 1833 1572 1875 habere
1606 1835 1759 1875 videtur
1785 1835 1954 1875 Ciceroni
1986 1848 2056 1875 nos
2083 1834 2183 1875 hanc
2208 1836 2396 1890 interpre-

163 1902 348 1942 tationem
376 1900 525 1950 debere,
551 1912 629 1938 non
657 1898 757 1950 quod
782 1897 885 1937 hunc
901 1896 1075 1937 Platonis
1103 1896 1300 1950 dialogum
1327 1897 1475 1937 civibus
1503 1899 1584 1938 suis
1608 1898 1781 1939 Romano
1808 1911 1981 1938 sermone
2007 1897 2200 1939 illustrare
2225 1899 2396 1954 volebat,

162 1964 232 2004 sed
256 1968 301 2003 ut
326 1964 367 2002 in
394 1963 519 2001 maius
552 1974 647 2013 opus
679 1964 874 2012 receptum
908 1964 1106 2012 tamquam
1142 1973 1210 2012 pro
1239 1973 1311 2000 sua
1337 1961 1529 2012 sapientia
1562 1961 1756 2001 venderet.
1809 1960 1883 2001 Sed
1910 1962 2062 2000 etiamsi
2095 1962 2135 2001 in
2168 1963 2399 2005 universum

161 2025 234 2066 hoc
266 2024 379 2065 modo
414 2022 687 2077 philosophum
719 2022 937 2062 Romanum
971 2024 1011 2061 in
1045 2022 1316 2075 componendis
1350 2024 1431 2061 suis
1467 2023 1644 2074 operibus
1679 2023 1936 2073 concedimus,
1970 2028 2101 2062 tamen
2137 2024 2237 2065 alias
2268 2026 2397 2078 philo-

164 2088 321 2140 sophiae
353 2092 482 2139 partes
519 2085 630 2125 aliter
666 2086 823 2125 tractari
856 2089 939 2124 erat
972 2098 1141 2124 necesse.
1194 2085 1251 2124 De
1284 2084 1357 2124 hac
1388 2098 1428 2124 re
1457 2085 1667 2136 disputavit
1694 2085 1783 2126 Otto
1810 2085 1931 2124 Heine
1958 2086 1998 2125 in
2024 2085 2120 2138 disp.
2148 2086 2196 2126 de
2222 2089 2398 2131 tontibus

165 2150 470 2190 Tusculanarum
505 2149 775 2199 quaestionum
809 2160 897 2199 pag.
932 2147 968 2197 3,
1006 2160 1055 2186 ex
1087 2160 1164 2198 qua
1198 2145 1293 2186 haec
1327 2160 1425 2198 quae
1461 2151 1672 2199 sequuntur
1709 2147 1904 2186 desumere
1936 2146 2069 2188 liceat:
2114 2148 2225 2198 „Non
2250 2150 2397 2204 ubique

162 2211 379 2252 Ciceronem
406 2223 492 2250 eam
520 2209 653 2262 (quam
680 2208 794 2248 modo
823 2208 1109 2261 descripsimus)
1145 2210 1334 2247 rationem
1362 2210 1577 2248 instituisse
1604 2211 1700 2248 satis
1727 2214 1892 2260 apparet.
1934 2209 2026 2257 Quis
2054 2211 2157 2248 enim
2183 2224 2263 2250 non
2288 2213 2399 2253 videt

161 2273 239 2313 alia
263 2274 412 2312 ratione
439 2285 529 2311 eum
554 2285 667 2311 usum
694 2284 780 2310 esse
805 2271 969 2311 Panaeti
993 2271 1101 2310 libris
1127 2272 1168 2310 in
1195 2273 1263 2321 eis,
1303 2285 1400 2322 quae
1429 2271 1475 2310 de
1503 2271 1639 2311 officiis
1667 2273 1829 2323 scripsit,
1866 2270 1943 2310 alia
1967 2270 2149 2310 Antiochi
2181 2274 2222 2312 in
2249 2274 2397 2315 Acade-

159 2335 297 2375 micis?
340 2334 428 2386 Ipse
453 2333 582 2374 Cicero
617 2334 674 2373 ait
708 2346 750 2372 se
784 2346 871 2373 cum
906 2333 1064 2372 minime
1098 2333 1206 2372 visus
1240 2333 1308 2383 sit,
1342 2345 1417 2384 quo
1453 2338 1621 2385 tempore
1654 2338 1692 2372 et
1725 2332 1953 2384 reipublicae
1986 2332 2323 2376 administratione
2358 2342 2400 2378 et

163 2408 278 2447 opera
310 2395 454 2436 forensi
487 2399 572 2435 erat
605 2399 831 2446 occupatus,
867 2399 951 2433 tum
985 2395 1151 2433 maxime
1185 2407 1269 2433 esse
1300 2394 1624 2446 philosophatum.
1669 2395 1741 2446 (De
1767 2399 1845 2432 nat.
1872 2394 1974 2433 deor.
2001 2394 2039 2440 I;
2066 2396 2103 2444 3,
2132 2396 2188 2447 6.)
2240 2398 2399 2439 Etenim

164 2469 243 2496 non
269 2470 441 2497 summas
465 2458 553 2496 illas
580 2459 794 2496 sententias
820 2461 1081 2508 perscrutatus
1108 2461 1177 2503 est,
1205 2479 1256 2485 —
1283 2457 1352 2495 sed
1379 2471 1475 2508 quae
1503 2458 1644 2496 oratori
1671 2457 1946 2495 sententiarum
1972 2456 2118 2496 fontem
2145 2459 2397 2512 praebebant,

165 2531 264 2572 quae
290 2519 340 2559 ad
365 2520 511 2571 ingenii
539 2519 683 2559 cultum
708 2518 906 2558 liberalem
932 2518 1186 2570 pertinebant.
1204 2541 1254 2547 —
1281 2517 1416 2570 Itaque
1444 2531 1529 2558 cum
1556 2523 1723 2558 remotus
1751 2518 1799 2557 ab
1819 2517 2154 2560 administmtione
2179 2521 2401 2572 republicae

140 2581 211 2621 Vde
235 2580 478 2634 philosophia
504 2582 703 2621 scribendo
732 2581 913 2621 solatium
941 2585 1101 2632 caperet,
1129 2580 1196 2620 ubi
1223 2593 1291 2619 eae
1318 2594 1378 2619 res
1407 2594 1502 2632 quas
1528 2580 1673 2620 dudum
1692 2581 1895 2632 fperceptas
1912 2579 2094 2632 habebat,
2121 2583 2157 2621 ei
2174 2584 2401 2626 tractandae

164 2649 286 2693 erant,
312 2645 440 2695 passis
466 2645 564 2684 velis
591 2646 631 2683 in
657 2644 735 2684 alto
762 2644 976 2695 navigavit.
1017 2643 1159 2683 Contra
1183 2643 1250 2683 ubi
1276 2647 1399 2682 totam
1426 2643 1585 2683 alicuius
1613 2642 1805 2682 doctrinae
1823 2641 1985 2683 formam
2004 2643 2181 2696 explicat,
2208 2651 2279 2687 aut
2305 2648 2399 2689 sub·
2477 2698 2482 2705 ‚

162 2705 355 2747 tilioribus
381 2711 421 2747 et
446 2707 748 2749 obstrusioribus
775 2705 1066 2759 quaestionibus
1093 2709 1255 2757 tenetur,
1288 2709 1442 2759 propter
1474 2718 1599 2746 rerum
1635 2704 1905 2746 obscuritatem
1933 2709 1972 2746 et
1998 2718 2111 2747 suam
2137 2708 2401 2762 ignorantiam

165 2773 206 2808 et
230 2770 418 2808 sermonis
443 2770 576 2810 Latini
603 2770 869 2809 difficultatem
896 2770 1127 2809 Graecorum
1158 2770 1324 2820 vestigia
1357 2782 1487 2820 presse
1521 2769 1630 2817 sequi
1657 2769 1753 2807 satis
1788 2766 1942 2807 habet.“
1995 2769 2197 2811 Hactenus
2223 2773 2401 2815 Heinius.

163 2830 271 2871 Haec
304 2831 537 2872 verbotenus
574 2832 789 2885 recipienda
821 2831 918 2872 mihi
951 2832 1202 2879 videbantur;
1238 2832 1279 2870 in
1314 2832 1538 2871 universum
1572 2831 1674 2870 enim
1707 2829 1754 2869 de
1788 2831 2040 2883 componendi
2074 2846 2181 2875 more
2207 2836 2400 2890 modoque

163 2891 356 2933 Ciceronis
381 2898 542 2946 agentes
568 2908 692 2948 neque
719 2894 857 2935 melius
891 2894 1098 2948 quidquam
1124 2893 1362 2943 habebimus,
1399 2905 1519 2945 neque
1554 2892 1665 2933 facile
1692 2893 1776 2942 erit,
1812 2893 1877 2944 qui
1913 2895 2147 2990 concinniu}
2173 2904 2242 2938 aut
2273 2901 2401 2952 magis
