2671 3245
487 259 503 267 ¹
579 213 581 215 ’
650 207 777 262 Quare
801 207 849 252 eo
874 206 1026 252 cautius
1052 205 1367 263 distinguendum
1393 222 1479 251 esse
1504 208 1600 250 mihi
1626 213 1667 250 et
1691 174 1976 261 dijudicandum
2003 200 2288 249 constitueram.
2330 194 2391 248 Ad

415 274 483 317 sd
484 259 784 329 grammaticam
810 276 850 313 et
874 270 1197 325 significationem
1220 272 1426 313 verborum
1451 274 1654 325 pertinent,
1689 269 1849 324 adjungi
1876 274 2039 324 possunt
2063 271 2092 309 ii
2116 269 2202 321 loci,
2234 272 2278 311 in
2304 271 2391 323 qui-

347 381 350 382 ⁷
475 348 534 387 m
549 335 781 376 sententiam
820 331 996 375 Platonis
1034 333 1139 373 ultra
1178 346 1294 386 quam
1336 333 1506 374 Ciceroni
1546 334 1799 375 concedemus
1836 346 1915 373 non
1956 345 2112 384 prorsus
2152 331 2392 372 intellexisse

241 447 244 450 ι
348 445 352 449 .
377 398 437 440 De
461 385 692 451 quibusdam
715 395 831 449 hujus
856 396 1009 449 generis
1034 395 1128 436 locis
1154 395 1273 436 latius
1300 400 1340 436 et
1365 408 1452 436 cum
1484 398 1676 447 exquisita.
1707 394 1882 436 doctrina
1914 393 1954 435 C.
1980 393 2043 434 Fr.
2069 393 2315 434 Hermannus
2349 394 2391 433 in

238 453 308 513 {de
329 459 647 513 interpretatione
672 458 941 498 dissertatione
966 456 1180 510 disputavit
1204 472 1242 511 p.
1270 457 1436 499 16—28.
1488 457 1631 498 Multos
1657 470 1801 509 eosque
1827 456 1992 496 leviores
2018 468 2091 495 nos
2124 455 2276 507 quidem
2300 468 2390 508 pos·

275 528 277 530 ’
318 522 499 575 adjicere3
525 520 595 561 sed
618 533 743 572 neque
768 520 824 559 rei
848 519 1015 559 multum
1039 525 1194 560 nostrae
1211 520 1479 572 prodessemus
1498 525 1537 559 et
1552 520 1669 560 habet
1686 519 1834 572 aliquid
1850 518 2084 558 firmamenti
2099 519 2226 588 opinio
2245 531 2390 568 eorum,

152 587 225 644 qui
240 573 460 628 identidem
484 586 526 624 et
550 583 735 635 majorem
760 581 1000 634 diligentiam
1026 586 1066 621 et
1090 582 1260 623 studium
1285 582 1501 623 accuratius
1527 581 1690 622 fontium
1716 594 1811 622 suae
1836 578 2104 633 philosophiae
2129 580 2170 619 ιιι
2195 578 2260 619 ιιιο
2287 578 2389 619 desi-

106 693 108 696 ,
155 637 302 692 deruit.
352 646 481 696 Quare
499 645 583 717 jam
609 643 781 697 singulos
806 642 897 684 illos
922 642 1029 684 locos
1054 644 1264 684 mittamus.
1316 643 1369 683 At
1394 642 1541 683 accedit
1566 643 1649 695 huc,
1676 643 1779 696 quod
1805 644 1847 682 in
1872 642 2099 681 universum
2125 641 2273 681 dicendi
2299 654 2389 681 con-

112 758 137 763 ..
157 703 403 756 suetudinem
427 708 561 759 magni
593 706 699 746 illius
723 705 985 747 Romanorum
1022 707 1217 758 scriptoris
1250 708 1291 746 ιιι
1322 705 1398 746 hoc
1422 705 1633 757 fragmento
1669 706 1946 746 desideramus.
2000 705 2134 777 Atque·
2152 704 2391 745 difficultatis

88 805 103 811 γ.
157 768 352 817 mffidmae
374 774 481 812 esset
505 770 740 823 investigare
762 772 802 809 et
819 768 1005 810 adnotare
1031 782 1091 821 ea,
1118 781 1216 822 quae
1240 782 1365 822 neque
1388 767 1541 809 definiri
1565 770 1713 821 possint
1728 769 1844 810 certis
1869 766 2014 821 regulis
2041 772 2080 808 et
2104 767 2139 808 si
2162 768 2323 820 possint,
2349 767 2390 808 ιιι

17 842 77 872 ‘w
157 837 297 880 ceteris
322 833 395 874 sub
421 833 576 871 nomine
603 831 794 871 Ciceronis
820 831 1059 871 exstantibus
1086 832 1238 883 scriptis
1265 831 1442 870 omnibus
1468 830 1676 871 identidem
1699 832 1959 871 inveniantur.
2013 830 2143 882 Neque
2170 835 2298 869 tamen
2324 842 2391 882 per

156 901 286 940 totum
312 907 410 948 opus
436 892 632 933 cumulata
655 892 813 934 ferenda
836 897 939 932 sunt.
990 894 1108 944 Atqui
1134 893 1244 933 deest
1278 893 1433 932 omnino
1465 892 1674 944 elegantia,
1711 893 1842 933 fluxus
1867 893 2073 941 orationis,
2107 891 2310 931 verborum
2340 892 2390 932 ad

158 972 362 1001 numerum
387 955 590 1006 conclusio,
616 968 666 994 ne
691 954 830 1006 longus
857 955 943 1005 sim,
976 956 1146 1006 maxima
1171 954 1240 995 illa
1265 954 1576 1005 admirabilisque
1602 956 1820 995 exercitatio
1846 959 1962 1006 atque
1992 954 2161 994 facilitas
2194 954 2390 1002 orationis,

121 1020 125 1028 '
159 1033 278 1075 quam
304 1020 345 1060 in
362 1016 468 1059 nullo
494 1018 626 1069 magni
651 1016 755 1057 illius
780 986 946 1057 Romani
972 1030 1085 1069 opere
1111 1016 1384 1067 desideramus,
1411 1029 1460 1056 ne
1487 1017 1528 1056 in
1546 1017 1594 1057 iis
1622 1017 1773 1069 quidem
1799 1016 1906 1067 locis,
1934 1028 2031 1068 quos
2058 1015 2175 1056 verbo
2202 1020 2315 1056 tenus
2341 1015 2391 1055 ab

161 1096 208 1124 eo
235 1095 284 1123 ex
309 1081 464 1121 Graecis
496 1078 704 1119 translatos
736 1078 935 1118 habemus.
989 1078 1170 1119 Conferas
1195 1079 1370 1119 Platonis
1396 1078 1444 1118 de
1469 1078 1566 1130 Rep.
1589 1079 1657 1119 IX.
1680 1093 1716 1131 p.
1735 1080 1809 1119 571
1837 1080 1869 1119 E
1897 1092 1985 1118 cum
2012 1078 2089 1118 Cic.
2110 1078 2238 1118 Divin.
2255 1077 2294 1125 1;
2325 1078 2389 1118 29.

161 1144 261 1185 Plat.
280 1143 328 1183 de
344 1142 439 1194 Rep.
457 1142 559 1192 VIII,
585 1155 675 1193 pag.
688 1141 765 1182 562
784 1155 870 1181 cum
888 1142 963 1181 Cic.
982 1140 1030 1181 de
1052 1154 1131 1193 rep.
1149 1141 1187 1188 I;
1213 1141 1277 1181 43.
1318 1140 1419 1181 Plat.
1436 1141 1596 1193 Apolog.
1617 1155 1703 1181 cum
1720 1142 1832 1181 Tusc.
1850 1141 1886 1188 1;
1913 1142 1978 1190 41,
2006 1141 2069 1181 97.
2110 1140 2210 1180 Plat.
2230 1140 2278 1180 de
2295 1140 2392 1192 Rep.

161 1219 201 1260 p.
228 1204 305 1247 318
330 1203 409 1245 fine
436 1216 522 1244 cum
549 1202 632 1243 Cat.
658 1204 749 1255 maj.
776 1202 822 1251 3;
848 1203 873 1243 8
906 1201 995 1242 alia.
1048 1202 1258 1242 Maximum
1291 1204 1391 1242 inter
1416 1201 1489 1242 hos
1515 1202 1620 1242 locos
1646 1207 1761 1257 atque
1793 1202 2050 1256 fragmentum
2076 1206 2249 1257 nostrum
2275 1202 2393 1241 inter-

162 1277 250 1307 esse
274 1268 468 1306 neminem
493 1267 627 1317 fugiet.
678 1266 836 1304 Praeter
866 1266 955 1304 illos
991 1278 1107 1315 quam
1139 1266 1321 1316 plurimos
1354 1265 1545 1304 Ciceronis
1567 1264 1680 1304 ‘locos
1712 1279 1733 1304 e
1766 1266 1909 1304 Graeco
1945 1267 1986 1303 in
2020 1267 2146 1315 ipsius
2178 1277 2393 1303 sermonem

161 1328 371 1369 translatos
398 1341 615 1379 comparare
641 1340 778 1379 operae
804 1327 970 1379 pretium
1005 1341 1091 1367 esse
1124 1328 1258 1379 putavi
1291 1331 1331 1367 et
1356 1328 1390 1366 si
1419 1327 1582 1367 concedo
1610 1341 1687 1368 non
1714 1341 1845 1367 omnes
1871 1328 1951 1379 pari
1978 1326 2158 1367 libertate
2184 1325 2394 1367 translatos

160 1402 249 1431 esse
273 1403 350 1443 qua
374 1389 463 1430 illos
489 1402 584 1442 quos
611 1390 832 1428 enumeravi
857 1388 975 1439 locos,
1000 1397 1089 1428 ‘esse
1115 1393 1249 1428 contra
1274 1388 1489 1440 fragmento
1517 1393 1650 1429 nostro
1678 1402 1850 1429 sermone
1882 1388 2100 1428 simillimos
2134 1400 2212 1427 non
2237 1401 2393 1440 paucos,

160 1457 293 1493 tamen
317 1452 421 1492 idem
446 1451 549 1504 quod
574 1452 615 1490 in
639 1450 702 1490 bis
729 1450 944 1490 durioribus
969 1450 1064 1490 locis
1091 1452 1206 1491 etiam
1233 1451 1274 1489 in
1292 1450 1440 1490 Timaei
1466 1452 1777 1502 interpretatione
1795 1451 1963 1491 Ciceroni
1980 1450 2137 1490 licuisse
2163 1455 2299 1502 putare
2325 1464 2393 1489 ve-

160 1518 299 1565 tamur,
326 1516 362 1554 si
387 1514 671 1555 consideremus
696 1514 861 1565 primum
886 1517 1070 1564 utrosque
1094 1513 1212 1563 locos,
1240 1513 1394 1552 etiamsi
1419 1526 1497 1553 non
1524 1518 1616 1553 sunt
1640 1515 1753 1553 unius
1779 1514 1992 1565 scriptoris,
2024 1514 2240 1552 necessario
2267 1513 2308 1551 in
2335 1512 2394 1551 di-

161 1573 273 1616 cendi
304 1574 420 1616 modo
456 1575 669 1627 discrepare
703 1586 782 1614 non
815 1586 946 1627 posse,
983 1575 1125 1627 quippe
1158 1573 1259 1626 quod
1292 1574 1370 1614 sint
1395 1575 1727 1627 interpretationes
1754 1574 1803 1614 ad
1826 1574 1984 1614 verbum
2010 1573 2060 1614 ab
2089 1573 2223 1615 eodem
2250 1573 2394 1615 Graeco

159 1636 389 1688 philosopho
417 1638 624 1676 derivatae.
666 1635 814 1675 Deinde
841 1637 1158 1676 considerandum
1185 1641 1256 1685 est,
1284 1649 1515 1688 quamquam
1540 1637 1712 1675 nondum
1739 1637 1785 1675 de
1801 1636 1871 1675 hac
1888 1649 1929 1675 re
1947 1637 2198 1687 disputamus,
2226 1638 2260 1675 si
2285 1636 2396 1675 nulla

159 1698 378 1740 conditione
403 1698 467 1740 hic
492 1699 669 1739 Platonis
696 1697 872 1750 dialogus
894 1698 1047 1739 Latinis
1065 1699 1204 1739 litteris
1232 1698 1408 1739 mandari
1433 1700 1570 1751 potuit,
1598 1700 1672 1739 nisi
1698 1703 1744 1739 ut
1769 1713 1812 1739 eo
1839 1702 2010 1739 uteretur
2036 1697 2165 1739 Cicero
2192 1698 2243 1739 ad
2268 1699 2396 1750 majus

158 1759 208 1800 de
232 1759 392 1813 physica
418 1774 513 1814 opus
540 1758 853 1813 componendum,
886 1759 1095 1800 identidem
1122 1760 1328 1813 dissipatos
1354 1760 1459 1802 locos
1493 1761 1680 1812 minores,
1716 1761 1790 1801 etsi
1825 1762 1950 1800 minus
1977 1759 2174 1813 elegantes
2198 1761 2289 1811 sint,
2316 1773 2396 1801 non

160 1827 242 1860 tam
268 1823 425 1861 odiosos
451 1835 548 1872 esse,
576 1835 693 1873 quam
717 1822 870 1860 futurus
895 1823 1010 1861 fuerit
1034 1827 1140 1861 totus
1160 1823 1336 1874 dialogus
1354 1823 1529 1861 Platonis
1549 1836 1596 1861 ea
1620 1823 1773 1873 quidem
1792 1836 1867 1873 qua
1884 1827 2009 1861 exstat
2026 1821 2263 1873 inelegantia
2288 1824 2396 1873 operi

161 1883 341 1923 insertus.
394 1884 448 1924 Ut
471 1885 589 1936 igitur
614 1882 714 1923 hanc
740 1882 787 1923 de
813 1883 1002 1924 scribendi
1028 1884 1175 1924 ratione
1210 1885 1474 1935 quaestionem
1501 1884 1790 1933 concludamus,
1824 1887 1982 1936 apparet
2006 1896 2093 1923 cum
2118 1883 2258 1924 abesse
2283 1884 2395 1936 inge·

150 1944 283 1982 'nuum
311 1944 504 1985 Ciceronis
538 1958 764 1995 sermonem,
798 1950 881 1984 tum
916 1947 1092 1984 immixta
1125 1958 1211 1984 esse
1246 1959 1294 1984 ex
1319 1945 1469 1997 volgari
1502 1959 1676 1985 sermone
1712 1946 1849 1995 multa,
1884 1958 1981 1995 quae
2016 1951 2084 1984 aut
2110 1959 2135 1984 a
2160 1946 2326 1996 posteris
2353 1947 2395 1984 ιιι

161 2013 404 2047 communem
430 2008 657 2060 scriptorum
683 2019 898 2047 sermonem
924 2006 1260 2059 transferebantur,
1289 2012 1358 2048 aut
1378 2009 1460 2060 jam
1487 2012 1579 2048 ante
1606 2019 1652 2047 ex
1678 2021 1723 2048 eo
1751 2011 1858 2048 erant
1884 2008 2014 2059 ejecta.

267 2256 376 2297 Nunc
401 2259 583 2309 quoniam
609 2256 649 2297 id
677 2258 846 2297 assecuti
872 2270 958 2297 esse
984 2257 1095 2298 nobis
1120 2258 1296 2299 videmur
1321 2258 1466 2299 nullius
1492 2259 1619 2297 minus
1645 2271 1758 2310 quam
1776 2258 1965 2297 Ciceronis
1992 2257 2141 2297 calamo
2168 2258 2397 2309 interpreta-

164 2319 310 2358 «ionem
334 2321 460 2370 ipsam
487 2333 573 2359 esse
598 2320 850 2370 tribuendam,
878 2322 1054 2370 quaestio
1079 2321 1151 2360 fiat
1175 2321 1223 2360 de
1247 2322 1485 2371 praefatione
1518 2334 1673 2359 necesse
1699 2325 1769 2359 est.
1821 2320 1867 2358 In
1893 2333 1939 2358 ea
1964 2333 2076 2359 nemo
2110 2325 2182 2369 est,
2220 2322 2312 2371 quin
2338 2322 2399 2359 ιιι-

166 2379 325 2431 genium
350 2385 391 2434 et
414 2381 605 2422 calamum
631 2381 893 2422 Romanorum
920 2381 1195 2435 elegantissimi
1221 2383 1414 2435 scriptoris
1440 2387 1698 2435 recognoscat,
1724 2386 1767 2421 ut
1791 2382 1887 2420 mira
1904 2382 2073 2433 profecto
2101 2386 2206 2422 esset
2231 2384 2399 2423 imitatio

167 2441 266 2493 ejus,
292 2442 359 2494 qui
384 2442 615 2496 elegantiam
640 2443 742 2483 illius
768 2445 825 2485 ita
850 2449 1049 2485 assecutus
1075 2449 1199 2492 esset3
1234 2444 1310 2484 huc
1334 2445 1492 2493 accedit,
1519 2445 1620 2498 quod
1644 2444 1738 2483 talia
1763 2443 1809 2483 de
1835 2456 1878 2482 se
1903 2445 1987 2495 ipso
2014 2444 2161 2496 profert
2185 2445 2220 2484 is
2248 2447 2318 2498 qui,
2340 2445 2398 2485 lo·

170 2502 312 2554 quitur,
339 2508 383 2543 ut
407 2518 456 2545 ex
480 2506 588 2555 viris,
614 2506 752 2558 quibus
779 2508 831 2546 sit
855 2520 963 2558 usus,
990 2520 1038 2547 ex
1064 2507 1224 2559 oppidis,
1252 2520 1349 2558 quae
1375 2508 1525 2558 adierit,
1554 2521 1600 2547 ex
1625 2507 1743 2557 libris,
1779 2518 1873 2557 quos
1900 2507 2179 2558 conscripserit,
2212 2507 2324 2547 facile
2350 2507 2400 2547 de

168 2576 336 2616 persona.
360 2566 646 2607 concludamus.
698 2569 831 2620 Neque
857 2570 959 2608 enim
986 2575 1057 2620 est,
1086 2582 1151 2609 cur
1177 2569 1238 2608 his
1264 2570 1379 2608 fidem
1405 2583 1484 2609 ιιοιι
1509 2569 1731 2608 habeamus.
1783 2568 1880 2606 Nam
1914 2568 2118 2608 ridiculum
2152 2574 2258 2609 esset
2280 2569 2401 2609 fidem

167 2620 494 2677 interpretationis
535 2633 752 2681 suspectam
788 2628 930 2670 habere
960 2632 1032 2681 ita,
1077 2635 1122 2671 ut
1153 2644 1248 2683 opus
1281 2630 1404 2671 alieno
1439 2632 1594 2671 nomine
1632 2643 1698 2682 per
1728 2628 1901 2669 fraudem
1933 2623 2080 2670 editum
2116 2631 2402 2679 existimemus;

2 2695 14 2733 f
88 2716 90 2718 .
168 2687 307 2739 nempe
333 2687 461 2729 Cicero
496 2692 531 2730 si
562 2693 642 2732 non
667 2693 750 2744 ipse
776 2692 974 2733 transtulit
1000 2693 1211 2745 Timaeum,
1247 2697 1376 2733 tamen
1403 2692 1706 2733 transferendum
1732 2692 1927 2731 curavisse
1952 2696 2093 2744 potest.
2144 2691 2404 2734 Probabiliter

0 2753 15 2768 <
166 2750 251 2812 ¹jam
276 2753 382 2788 esset
407 2753 547 2804 opinio,
573 2754 851 2805 praefationem
876 2755 1038 2807 alicujus
1063 2756 1318 2808 philosophici
1344 2757 1469 2808 operis
1495 2759 1630 2808 postea
1654 2754 1902 2805 componendi
1930 2759 1971 2793 et
1995 2756 2354 2808 interpretationem
2379 2770 2404 2796 a

104 2854 106 2857 .
170 2805 353 2852 OEoerone
377 2812 619 2856 adolescente
645 2816 845 2856 exercendi
880 2830 997 2858 causa
1021 2818 1226 2869 perfectam
1251 2831 1318 2870 per
1343 2831 1385 2858 se
1412 2830 1600 2870 quamque
1626 2817 1841 2866 exstitisse,
1874 2816 2106 2869 philosopho
2132 2824 2285 2859 mortuo
2310 2831 2404 2859 casu

87 2887 92 2899 ‘—
170 2872 254 2914 sut
263 2877 417 2926 propter
440 2887 566 2917 rerum
592 2891 688 2931 quas
721 2883 895 2932 spectant
919 2879 1147 2922 affinitatem
1173 2880 1373 2933 colligatas
1409 2880 1459 2921 ad
1483 2883 1654 2920 nostram
1680 2882 1845 2921 aetatem
1872 2880 2107 2932 pervenisse.
2160 2880 2402 2924 Adolescenti
