2671 3245
1274 107 1338 157 11

187 249 317 301 τιμᾶν
334 241 479 291 αδτοὺς
495 245 663 289 θυσίαις
685 241 900 291 τοιοῦταις,
926 242 1065 290 αὕτοῖς
1086 242 1123 283 δ’
1141 239 1217 284 οὖν
1243 241 1445 292 εὔξασθαι
1471 242 1524 290 οἷς
1548 247 1674 291 θεοῖς,
1701 241 1859 297 δωρεὰν
1882 241 1959 296 γὰρ
1978 243 2033 284 ἄν
2059 243 2247 297 δήποθεν
2272 245 2422 297 διειλη-

189 309 303 365 φότα
327 311 423 359 περὶ
448 303 583 346 αὐτῶν
607 304 819 356 σεμνύνειν
844 304 1003 346 ἑαυτόν.
1052 302 1180 346 'AB-o?
1206 309 1334 345 οἴεται
1360 304 1613 356 Χρύσιππος,
1639 305 1685 347 τὸ
1701 309 1790 347 πᾶν
1806 305 2113 347 ἓπιδιατάσσων
2138 307 2184 347 ἓν
2200 309 2258 361 τῷ
2277 305 2424 361 πρώτῳ

190 376 287 425 περὶ
311 370 435 416 θεῶν,
463 366 687 441 διαῤῥηδην
711 367 787 419 τήν
814 370 947 419 φρένα
974 366 1146 407 πάντων
1171 372 1241 406 καὶ
1265 366 1408 406 πάντα
1433 367 1553 416 λόγον
1578 373 1648 407 καὶ
1673 367 1748 422 τὴν
1776 371 1850 408 τοῦ
1868 369 1963 408 ὅλου
1992 367 2141 420 ψυχὴν,
2164 373 2234 407 καὶ
2258 370 2306 421 τῇ
2330 367 2423 407 τοῦ-

189 448 262 475 ςου
287 435 364 483 μὲν
390 431 505 485 ψυχῇ
538 429 681 468 πάντα
707 444 817 482 φυτα
854 429 1091 480 διαχεῖσθαι
1124 434 1193 469 καὶ
1218 430 1301 476 ζῶα
1336 434 1406 469 και
1429 444 1520 476 τους
1544 429 1700 480 λόγους·
1737 430 1802 471 διὸ
1832 436 1902 470 καὶ
1929 431 2047 483 Ζῆνα
2080 431 2296 470 καλεῖσθαι
2327 433 2421 478 Διά,

190 494 342 566 δοτῆρα
368 493 469 542 βίου.
504 488 634 530 adzone
665 490 711 530 δὲ
736 489 890 543 κόσμον
921 492 1003 537 τῶν
1037 488 1200 531 οἷνόσων
1226 490 1414 544 ἔμψυχον
1447 488 1549 530 εἶναι
1580 496 1648 531 και
1673 491 1721 532 τὸ
1747 489 1984 545 ἡγεμονικὸν
2016 495 2086 531 και
2116 490 2191 545 τὴν
2224 494 2297 532 τοῦ
2323 493 2422 531 ὅλου

189 553 339 608 ψυχήν.
380 557 461 592 Καὶ
487 552 610 597 οὕτως
635 549 841 602 ανάλογον
866 550 1133 603 ευνομεῒσθαι
1156 551 1230 591 τδν
1255 555 1335 592 Δία
1361 558 1430 591 και
1454 552 1529 604 τὴν
1554 553 1692 606 κοινὴν
1718 554 1888 594 πάντων
1909 553 2040 593 Φύσιν
2065 559 2135 593 καὶ
2157 553 2422 606 Εἱμαρμένην

189 621 259 658 καὶ
281 612 489 666 Ἀνάγκην.
524 618 593 653 καὶ
618 612 692 666 τὴν
718 612 845 667 αυτὴν
870 611 974 655 εἶναι
999 619 1068 654 καὶ
1085 611 1298 664 Ευνομίαν
1322 619 1392 655 καὶ
1418 616 1540 667 Δίκην
1564 620 1632 655 καὶ
1656 614 1880 666 Ὁμόνοιαν
1907 621 1977 656 καὶ
1991 615 2168 669 Εἷρῆνην
2194 620 2266 655 και
2289 612 2421 669 ’Λφρο

189 679 307 730 δίτην
330 679 400 714 καὶ
423 674 470 713 τὸ
498 674 790 726 παραπλήσιον
807 677 906 715 πᾶν.
948 680 1028 715 Καὶ
1053 674 1107 726 μὴ
1134 672 1237 714 εἶναι
1262 676 1386 720 θεοὺς
1412 675 1584 726 ἅῤῥενας
1607 677 1706 728 μηδὲ
1732 677 1913 728 θηλείας,
1943 675 1996 722 ὦς
2021 677 2124 729 μηδὲ
2150 676 2300 724 πόλεις,
2326 677 2421 727 μηδ’

189 737 337 792 οῗρετοῖς
355 735 635 787 όνομάζεσθαι
656 736 702 776 δὲ
727 735 854 788 μόνον
871 736 1089 790 άῤῥενικῶς
1106 741 1175 776 καὶ
1192 738 1376 790 θηλυκῶς
1393 735 1534 777 τάὕτᾶ
1554 736 1665 787 ὄντα,
1690 737 1885 790 καθάπερ
1902 738 2079 792 Σελήνην
2095 744 2164 779 καὶ
2184 741 2325 790 Μῆνα.
2352 742 2422 777 καὶ

190 801 267 843 τόν
284 799 386 853 ’Λρη
413 801 536 849 κῦρον
561 799 744 851 πολέμου
769 802 813 840 τέ
840 798 945 841 εἶναι
969 803 1039 840 καὶ
1064 800 1132 851 τῆς
1157 799 1304 849 τάξεως
1328 804 1396 840 καὶ
1421 802 1488 853 τῆς
1514 798 1763 849 α’ντιτάξεως.
1797 802 2027 854 Ἥφαιστον
2045 801 2091 842 δὲ
2117 802 2201 853 πῦρ
2222 798 2327 842 εἶναι
2353 805 2423 840 καὶ
2487 805 2489 807 ’

196 863 355 914 Κρόνον
381 860 561 914 ἐκκριτόν
584 863 658 899 τοῦ
685 861 881 914 ῥεύματος
907 862 1014 914 ῥόον,
1046 859 1168 900 Ῥέαν
1195 862 1241 899 δὲ
1265 861 1338 913 τὴν
1363 863 1446 913 γῆν,
1478 864 1561 899 Δία
1589 862 1634 900 δὲ
1659 862 1730 901 τὸν
1756 865 1920 914 αἰθέρα,
1952 862 2042 908 τούς
2068 864 2112 902 δὲ
2138 864 2211 901 τόν
2234 860 2421 902 ’Λπόλλω

189 931 258 966 καὶ
282 923 357 977 τὴν
382 924 577 977 Δήμητρα
603 925 677 976 γῆν
702 923 730 976 ἤ
754 924 802 964 ‘co'
833 924 878 965 ἐν
896 924 997 981 αὕτῇ
1022 923 1213 975 γόνευμα.
1249 928 1328 964 Καὶ
1345 924 1632 976 παιδαριωδῶς
1649 925 1838 976 λέγεσθαι
1855 929 1922 964 καὶ
1939 925 2177 979 γράφεσθαι
2193 932 2263 966 καὶ
2288 925 2420 966 πλάτ-

188 989 338 1029 τεσθαι
362 985 488 1032 θεοὺς
513 983 850 1037 ἀνθρωποειδεῖς,
877 988 928 1026 ὃν
947 985 1103 1039 τρόπον
1135 990 1204 1025 καὶ
1229 984 1366 1032 πόλεις
1391 990 1461 1025 καὶ
1487 985 1696 1036 ποταμούς
1719 991 1788 1026 καὶ
1811 985 1961 1033 τόπους
1985 992 2054 1026 καὶ
2082 986 2213 1040 πάθη.
2240 992 2309 1028 καὶ
2336 990 2419 1028 Δία

190 1052 268 1100 μὲν
295 1045 397 1088 εἶναι
421 1046 494 1087 τὸν
519 1053 614 1099 περὶ
638 1046 714 1098 τὴν
739 1050 812 1100 γῆν
837 1046 953 1101 α’έρα,
979 1048 1053 1088 τὸν
1079 1048 1124 1088 δὲ
1152 1047 1358 1087 σκοτεινὸν
1383 1045 1531 1100 Ἀίδην,
1557 1048 1632 1088 τόν
1654 1049 1699 1088 δὲ
1727 1048 1798 1087 dm?
1823 1051 1892 1100 τῆς
1917 1051 1984 1100 γῆς
2008 1054 2077 1088 καὶ
2102 1049 2310 1101 θαλάττης
2333 1054 2419 1090 Πο-

187 1110 319 1151 σειδῶ.
376 1113 455 1149 Καὶ
486 1108 577 1154 τούς
610 1107 755 1154 ἄλλους
782 1110 827 1149 δὲ
852 1109 975 1154 θεοὺς
1001 1107 1198 1161 α’ψύχοις,
1224 1106 1275 1154 ὥς
1301 1114 1369 1147 καὶ
1395 1109 1559 1155 τούτους
1585 1118 1809 1158 συνοικειοῖ,
1842 1115 1910 1149 καὶ
1935 1110 2009 1149 τόν
2030 1111 2168 1150 ’Ἠλιον
2194 1112 2324 1157 αὕτως
2349 1117 2420 1151 καὶ

186 1171 261 1226 τὴν
286 1170 464 1224 Σελήνην
489 1175 557 1210 καὶ
583 1172 677 1216 τοῦς
697 1170 842 1218 ἄλλους
864 1169 1037 1224 α’στέρας
1062 1170 1186 1217 θεοὺς
1209 1173 1335 1210 οἴεται
1358 1174 1427 1210 καῖ
1448 1170 1522 1212 τὸν
1543 1170 1695 1222 Νόμον,
1722 1177 1790 1212 καὶ
1816 1170 2063 1224 ἀνθρώπους
2089 1175 2143 1218 εἰς
2168 1172 2292 1219 θεούς
2317 1185 2419 1226 φησι

185 1235 440 1286 μεταβαλεῖν.

311 1294 377 1336 Ἕν
405 1296 450 1335 δὲ
475 1297 531 1347 τῷ
562 1296 730 1349 δευτέρῳ
761 1295 817 1335 τά
851 1312 895 1335 τε
929 1298 984 1341 εἷς
1007 1293 1161 1347 Ὀρφέα
1196 1300 1265 1334 καὶ
1288 1300 1504 1335 Μουσαῖον
1535 1294 1827 1349 α’ναφερόμενα
1861 1300 1929 1334 καὶ
1954 1295 2007 1334 τά
2039 1303 2135 1348 παρ’
2156 1295 2321 1350 Ὀμῆρῳ
2347 1303 2417 1337 καὶ

185 1355 358 1413 Ἡσιόδῳ
384 1362 453 1397 καὶ
479 1354 683 1414 Εὐριπίδῃ
709 1362 779 1397 καὶ
804 1364 989 1411 ποιηταῖς
1015 1356 1171 1407 ἄλλοις,
1207 1355 1258 1403 ὥς
1289 1361 1358 1397 καὶ
1386 1357 1616 1411 Κλεάνθης,
1653 1359 1847 1411 πειρᾶται
1881 1360 2130 1398 συνοικειοῦν
2162 1366 2251 1406 ταῖς
2277 1358 2417 1408 δόξαις

185 1420 345 1459 ἑαυτοῦ.

309 1482 416 1523 Haec
441 1481 645 1530 hactenus3
673 1495 772 1533 quae
799 1483 839 1521 in
867 1481 1114 1533 sequentibus
1139 1480 1305 1522 Phaedri
1324 1496 1348 1522 a
1368 1481 1439 1522 col.
1459 1481 1529 1531 III,
1556 1495 1593 1521 v.
1613 1481 1664 1522 26
1691 1495 1812 1533 usque
1839 1481 1888 1521 ad
1907 1481 1976 1521 col.
1995 1481 2078 1533 VII,
2106 1497 2143 1523 v.
2162 1485 2186 1524 8
2213 1484 2415 1523 inveniun-

182 1549 259 1599 tur,
287 1544 414 1586 Cicero
441 1546 481 1583 in
508 1544 604 1583 duas
632 1545 916 1584 enunciationes
944 1545 1144 1595 contraxit,
1171 1544 1218 1583 de
1244 1549 1322 1584 nat.
1350 1544 1451 1583 deor.
1479 1545 1514 1590 Ι;
1545 1544 1605 1593 15,
1632 1545 1694 1583 41.

306 1608 413 1647 Haec
431 1621 664 1660 quamquam
681 1619 804 1659 pauca
822 1611 914 1646 sunt
933 1611 1061 1646 tamen
1080 1607 1265 1657 ejusmodi
1288 1621 1372 1646 esse
1395 1607 1488 1646 mihi
1508 1607 1696 1655 videntur,
1720 1611 1762 1645 ut
1782 1620 1828 1646 ex
1851 1608 1898 1645 iis
1919 1607 2200 1657 concludamus,
2225 1610 2417 1659 quomodo

184 1669 432 1721 philosophus
445 1670 643 1709 Romanus
657 1670 810 1709 Graecis
823 1669 992 1708 fontibus
1006 1669 1054 1708 ad
1070 1683 1141 1708 sua
1157 1682 1270 1721 opera
1283 1669 1543 1720 componenda
1556 1682 1650 1707 usus
1664 1670 1725 1707 sit.
1752 1670 1885 1719 Itaque
1901 1669 1949 1708 ad
1966 1670 2229 1719 quaestionem
2243 1676 2418 1711 nostram

185 1736 433 1772 revertamur.
463 1732 607 1780 Quodsi
619 1731 806 1781 videmus,
821 1735 864 1770 ut
880 1730 998 1770 verbo
1012 1735 1124 1770 tenus
1144 1732 1413 1782 interpretatus
1429 1732 1479 1770 sit
1493 1730 1664 1769 libellum
1680 1730 1863 1770 Graecum
1878 1734 2027 1769 tantum
2043 1731 2189 1781 abesse,
2212 1737 2255 1771 ut
2274 1732 2418 1783 placita

185 1794 265 1834 fere
284 1798 435 1834 tantum
459 1798 498 1833 et
516 1794 686 1833 ordinem
707 1794 899 1845 receperit,
929 1806 1022 1833 suae
1042 1794 1225 1833 orationis
1249 1794 1372 1832 nitore
1391 1793 1549 1841 imbuta,
1571 1792 1667 1831 nihil
1690 1793 1815 1831 minus
1836 1793 1926 1831 mihi
1952 1793 2160 1844 persuadeo
2182 1807 2296 1845 quam
2316 1794 2417 1835 Her-

184 1858 318 1896 manni
343 1858 585 1906 sententiam,
614 1856 832 1896 Ciceronem
858 1859 1009 1894 tantam
1036 1855 1178 1907 dialogi
1202 1860 1350 1907 partem
1384 1857 1423 1894 in
1461 1868 1573 1894 suum
1602 1868 1696 1905 opus
1723 1855 1995 1894 translaturum
2032 1855 2150 1895 fuisse
2185 1861 2224 1896 et
2249 1870 2317 1908 pro
2345 1871 2418 1898 sua

185 1919 376 1970 sapientia
400 1918 632 1969 venditasse,
660 1931 758 1970 quae
783 1930 885 1956 nunc
911 1930 958 1957 ex
984 1917 1126 1957 relictis
1152 1919 1282 1969 magni
1309 1918 1473 1957 Romani
1501 1918 1653 1968 scriptis
1680 1916 1836 1956 collecta
1862 1917 1911 1956 ad
1937 1921 2110 1956 nostram
2136 1923 2304 1958 aetatem
2330 1932 2418 1972 per-

185 1981 305 2019 venit.
356 1981 486 2019 Unum
517 1981 707 2031 refugium
738 1983 864 2030 patet,
897 1980 947 2017 ad
981 1980 1082 2030 quod
1109 1993 1154 2018 00
1182 1980 1332 2018 facilius
1359 1993 1429 2018 nos
1457 1985 1743 2027 convertamus,
1779 1991 1853 2026 quo
1880 1980 2005 2016 minus
2033 1982 2145 2017 certis
2173 1983 2419 2031 antiquitatis

186 2042 415 2081 testimoniis
442 2042 505 2081 vel
531 2042 660 2092 aliqua
686 2056 710 2081 a
736 2042 862 2081 Cicero
895 2042 936 2080 in
962 2042 1274 2092 interpretatione
1300 2041 1494 2092 patefacta
1520 2055 1571 2090 re,
1607 2040 1697 2091 quid
1725 2044 1879 2091 spectet,
1907 2040 1956 2079 ad
1983 2039 2155 2091 aliquam
2183 2044 2418 2083 sententiam

185 2104 451 2155 praeoccupati
477 2116 622 2143 sumus.
675 2102 789 2154 (Nam
822 2114 946 2154 neque
979 2103 1020 2142 in
1046 2103 1180 2142 ceteris
1217 2102 1407 2142 Ciceronis
1442 2103 1617 2155 operibus
1654 2103 1773 2141 nostri
1800 2101 2001 2154 fragmenti
2026 2103 2168 2142 mentio
2195 2103 2252 2153 fit,
2288 2116 2416 2156 neque

187 2177 235 2203 ex
261 2178 318 2214 eo,
345 2166 449 2217 quod
474 2167 515 2204 in
540 2167 589 2204 iis
615 2165 744 2204 verbis
771 2165 962 2214 notandis,
991 2178 1090 2216 quae
1116 2178 1193 2203 non
1219 2166 1294 2203 nisi
1321 2165 1463 2204 Graeco
1488 2165 1674 2204 vocabulo
1702 2165 1848 2215 adJ'ecto
1875 2165 2038 2213 recipere
2065 2178 2184 2204 ausus
2211 2172 2271 2205 est
2296 2168 2418 2207 inter-

186 2238 284 2280 pres,
310 2227 528 2267 Romanum
553 2240 766 2267 sermonem
793 2227 935 2266 Graeco
962 2230 1159 2278 tamquam
1186 2229 1384 2278 peregrino
1413 2228 1601 2278 opposuit,
1629 2226 1831 2277 quidquam
1858 2226 2027 2265 concludi
2056 2232 2195 2277 potest,
2222 2230 2300 2268 nisi
2327 2242 2418 2270 eum

188 2289 254 2343 qui
286 2287 465 2342 loquatur
496 2289 714 2330 Romanum
748 2288 863 2343 esse.)
917 2288 1243 2330 Considerandum
1274 2290 1413 2330 iterum
1449 2294 1563 2343 atque
1597 2289 1733 2328 iterum
1766 2300 1900 2327 moneo
1937 2287 2162 2340 opusculum
2196 2293 2343 2333 versari
2377 2294 2419 2334 in

187 2353 322 2404 primis
346 2353 578 2404 primordiis,
614 2358 657 2392 ut
683 2354 910 2392 contendere
943 2352 1216 2404 praefationem
1249 2367 1420 2403 unquam
1455 2352 1670 2392 absolutam
1704 2352 1896 2390 exstitisse
1929 2365 1973 2390 ac
2007 2351 2184 2391 lacunam
2217 2355 2417 2407 interesse,

187 2426 287 2466 quae
311 2415 407 2455 miro
435 2427 528 2454 casu
553 2428 675 2466 usque
702 2415 751 2454 ad
777 2415 929 2458 initium
955 2414 1096 2466 dialogi
1121 2419 1263 2466 pateat,
1291 2416 1342 2454 sit
1368 2414 1568 2455 ridiculum
1596 2418 1634 2452 et
1652 2418 1695 2452 ut
1719 2418 1861 2452 rectum
1886 2415 2039 2464 assequi
2065 2415 2177 2453 nobis
2203 2417 2417 2470 videamur,

187 2488 275 2514 cum
299 2481 477 2527 putemus
504 2477 721 2516 Ciceronem
747 2491 826 2516 non
851 2490 975 2528 pauca
999 2478 1048 2515 (10
1075 2478 1231 2516 consilio
1259 2479 1395 2527 operis,
1424 2478 1469 2516 de
1489 2491 1559 2516 sua
1586 2477 1783 2523 sententia,
1812 2475 1858 2513 de
1875 2476 1994 2514 variis
2019 2478 2215 2516 variorum
2242 2479 2416 2530 philoso-

188 2535 350 2587 phorum
376 2538 598 2589 disciplinis,
626 2538 715 2578 aliis
741 2539 968 2589 praefationi
994 2539 1113 2578 fuisse
1140 2539 1368 2578 additurum.
1408 2539 1464 2578 De
1492 2538 1679 2577 translata
1704 2537 1847 2587 dialogi
1872 2542 1979 2587 parte
2005 2538 2091 2588 ipsa
2118 2540 2203 2589 quis
2231 2543 2417 2593 omnium,

188 2598 255 2648 qui
277 2598 492 2650 incorrupto
514 2601 642 2639 animo
663 2600 714 2639 ad
734 2613 891 2640 causam
912 2599 1243 2651 contemplandam
1266 2599 1430 2649 accedet,
1458 2599 1641 2638 infitietur
1666 2612 1743 2637 non
1769 2598 1851 2636 dico
1879 2610 1964 2636 esse
1991 2599 2130 2637 mirum
2158 2600 2226 2638 sed
2245 2602 2420 2652 inpetum

189 2662 324 2711 putare
354 2659 570 2701 Romanum
601 2661 888 2714 philosophum,
924 2663 989 2713 qui
1020 2662 1061 2702 in
1088 2661 1263 2713 operibus
1297 2662 1379 2701 suis
1405 2665 1607 2701 consuerat
1633 2673 1783 2699 summa
1809 2663 1985 2710 tangere,
2022 2661 2086 2710 qui
2112 2661 2153 2699 in
2179 2663 2419 2712 praefatione

190 2720 242 2760 ad
266 2720 404 2760 librum
431 2722 478 2762 de
503 2728 583 2764 nat.
608 2723 712 2764 deor.
739 2724 776 2772 I;
806 2726 839 2775 1,
864 2724 914 2764 37
942 2723 990 2763 de
1015 2737 1059 2763 se
1083 2725 1166 2776 ipse
1190 2722 1404 2775 profitetur:
1432 2728 1495 2774 „et
1513 2724 1545 2762 si
1563 2723 1691 2761 omnia
1708 2720 1974 2773 philosophiae
1998 2727 2176 2774 percepta
2202 2724 2419 2768 referuntur

191 2782 242 2822 ad
266 2783 399 2833 vitam,
426 2785 655 2825 arbitramur
679 2799 752 2826 nos
777 2790 816 2825 et
840 2786 1003 2837 publicis
1029 2790 1070 2825 et
1094 2786 1257 2837 privatis
1282 2785 1323 2824 in
1349 2785 1463 2825 rebus
1480 2797 1526 2823 ea
1550 2785 1798 2835 praestitisse,
1826 2795 1924 2833 quae
1941 2784 2039 2821 ratio
2059 2789 2098 2823 et
2116 2785 2291 2827 doctrina
2308 2802 2419 2840 prae-

188 2846 491 2897 wipsefit“—
522 2853 656 2902 putare
687 2848 905 2888 Ciceronem
939 2852 999 2887 tot
1028 2860 1089 2887 res
1124 2847 1302 2886 abtrusas
1338 2852 1453 2898 atque
1484 2846 1727 2885 absconditas
1760 2843 1954 2895 Nigidium
1979 2844 2161 2897 Figulum
2194 2856 2415 2891 narrantem

190 2908 311 2951 fuisse
336 2906 536 2951 facturum.
575 2911 703 2952 Etiam
728 2911 769 2951 in
793 2910 933 2951 librum
959 2910 1006 2949 de
1032 2913 1227 2950 senectute
1252 2922 1375 2963 pauca
1399 2909 1538 2962 placita
1563 2907 1611 2947 de
1637 2908 1793 2947 Timaeo
1820 2905 1996 2947 Platonis
2024 2907 2169 3003 Cioezo*
2182 2910 2416 2966 desumpsit:
