2671 3245
2182 0 2187 10 '
2224 0 2315 25 ,⁴⁴1²st
2330 0 2383 30 ⁷32³».
2436 21 2443 25 .

2294 39 2295 43 ,
2321 35 2328 40 -
2362 33 2366 37 '
2390 32 2442 70 »523

2395 63 2429 86 ⁴2,
2453 64 2490 87 Ἐἰ-ι

1295 83 1362 130 ΙΙ
2409 88 2441 104 ”“·
2461 86 2498 100 ⁵

172 202 183 208 ’
207 226 322 257 usum
345 213 513 255 meum.“
566 213 690 267 Epist.
717 213 766 255 ad
791 213 912 254 famil.
937 212 1041 265 XVI,
1067 213 1117 254 21
1146 217 1216 265 „tu
1240 213 1359 255 velim
1378 215 1418 254 in
1443 215 1577 267 primis
1596 225 1716 266 eures,
1742 218 1789 256 ut
1804 216 1951 270 valeas,
1978 223 2024 260 ut
2039 231 2118 261 una
2135 220 2444 276 συμφιλολογαν
2512 225 2523 268 ᾗ

204 277 439 330 possimus.“
479 276 582 325 Quid
607 281 738 316 autem
762 278 813 315 sit
843 276 1014 315 Ciceroni
1040 275 1252 328 philologia
1276 277 1411 315 videas
1438 289 1486 316 ex
1512 276 1586 316 hac
1610 278 1696 328 ipsa
1721 279 1888 329 epistola
1913 280 1938 319 L
1967 294 1999 320 c.
2020 282 2121 333 XVI,
2142 284 2189 322 17
2217 283 2319 333 „Sed
2343 283 2443 325 heus

205 343 262 390 tu,
289 340 356 392 qui
380 337 521 379 κανών
548 352 634 380 esse
659 351 832 379 meorum
857 338 1084 389 scriptorum
1111 337 1253 379 soles.“
1306 339 1365 380 Ex
1400 338 1564 391 epistola
1590 338 1764 392 ejusdam
1798 353 1874 392 quo
1902 341 2103 384 Timaeum
2129 345 2315 397 prodiisse
2338 347 2446 387 veri-

205 400 333 442 simile
359 406 421 441 est
447 403 552 452 anni,
580 401 630 441 ad
656 401 748 440 fam.
778 401 838 450 16,
868 400 916 440 10
944 404 1012 450 „tu
1039 399 1194 452 quidem
1220 402 1343 441 musis
1368 401 1511 441 nostris
1537 413 1642 452 para,
1669 405 1716 442 ut
1742 415 1879 454 operas
1905 404 2082 446 reddas.“
2127 407 2262 460 Itaque
2289 409 2324 448 si
2350 421 2442 449 con-

198 465 351 516 jectura
375 468 512 505 nostra
538 464 886 503 administratorem
913 462 1080 514 aliquem
1106 462 1324 503 litterarum
1349 462 1576 515 philosopho
1603 464 1863 516 fragmentum
1889 469 2144 521 transtulisse,
2170 475 2315 511 rectum
2332 483 2442 512 asse-

203 527 283 567 cuti
307 540 462 578 sumus,
498 540 544 566 ex
570 526 665 566 locis
691 529 822 565 autem
849 524 896 564 de
930 523 1106 577 epistolis
1132 526 1265 578 magni
1291 524 1456 565 Romani
1484 538 1602 578 supra
1629 527 1830 579 exscriptis
1857 528 1980 570 elucet
2007 531 2185 573 Tironem
2211 546 2290 573 non
2314 532 2441 575 solum

204 590 365 641 pietatis
389 589 556 638 vinculo,
583 588 652 628 sed
678 588 796 627 etiam
825 587 1039 627 studiorum
1067 588 1292 628 commercio
1320 602 1407 628 cum
1434 587 1500 628 illo
1527 588 1649 628 fuisse
1676 602 1869 641 quoquam
1895 594 2020 644 magis
2046 596 2300 647 conjunctum,
2326 595 2442 637 valde

202 650 414 691 verisimile
440 656 501 691 est
528 651 708 690 Tironem
736 649 867 699 fuisse,
905 662 1018 700 quem
1046 648 1111 688 ille
1138 648 1210 688 tali
1236 649 1418 690 mandato
1447 649 1605 702 dignum
1632 649 1821 691 habuerit.
1875 647 2115 708 Quamquam
2146 656 2220 697 hoc
2244 657 2286 696 in
2311 656 2439 698 medio

201 713 418 765 relinquere
435 712 566 762 velim,
592 724 663 751 nec
680 711 846 751 multum
865 712 991 760 refert,
1011 712 1163 749 cuinam
1181 712 1422 751 mandaverit
1441 713 1646 764 exquirere,
1665 712 1871 754 dummodo
1888 717 2141 758 mandaverit.
2185 718 2268 758 Hoc
2286 719 2442 771 quidem

208 787 256 815 ex
283 774 458 828 epistolis
485 778 638 814 constat
665 773 885 814 Ciceronem
912 774 1039 813 socios
1066 772 1280 813 studiorum
1306 773 1508 821 habuisse;
1541 774 1644 824 quid,
1671 787 1825 826 quaero,
1854 789 1967 817 curae
1993 791 2123 819 eorum
2149 780 2322 821 relictum
2347 786 2441 833 erat,

207 838 283 876 nisi
310 836 499 889 ejusmodi
525 836 630 888 quid,
667 836 714 875 de
742 849 816 887 quo
844 837 981 888 agitur,
1018 840 1063 875 ut
1087 839 1249 886 patrono
1276 838 1382 876 viam
1407 838 1447 876 in
1473 836 1689 876 difficiliora
1722 836 1986 890 philosophiae
2019 853 2135 892 opera
2159 843 2442 894 patefacerent?

203 898 281 939 Sed
309 899 448 938 dixerit
474 900 561 949 quis
587 898 858 950 philosophum
886 898 1103 937 Romanum
1131 898 1266 938 Graeci
1293 900 1479 938 sermonis
1504 911 1583 937 non
1609 899 1736 937 minus
1763 912 1927 950 gnarum
1961 901 2082 941 fuisse
2108 917 2222 955 quam
2246 905 2378 944 Latini
2403 909 2443 945 et

206 961 365 1001 memini
391 974 453 1001 me
480 960 620 1012 legere,
657 974 682 1001 a
710 960 899 1009 Cicerone,
936 974 1023 1000 cum
1049 959 1229 1001 Rhodum
1256 962 1440 1011 venisset,
1476 959 1721 1012 Apollonium
1746 960 1941 1002 Molonem
1967 962 2170 1014 rhetorem,
2198 968 2334 1018 quippe
2360 979 2442 1007 ser-

202 1023 330 1064 monis
355 1022 524 1063 Romani
550 1022 694 1073 rudem,
722 1023 934 1074 rogavisse,
962 1027 1006 1062 ut
1028 1023 1110 1075 jam
1138 1022 1281 1063 Graece
1306 1022 1425 1062 verba
1452 1022 1603 1063 faceret.
1657 1021 1767 1071 Quod
1794 1036 1912 1075 quum
1939 1024 2103 1078 fecisset,
2130 1027 2368 1080 Apollonius,
2402 1031 2443 1067 te

210 1086 376 1136 quidem,
404 1087 541 1136 inquit,
568 1085 685 1124 laudo
714 1090 752 1123 et
779 1085 956 1131 admiror,
986 1086 1168 1124 Graeciae
1195 1089 1340 1123 sortem
1367 1098 1531 1135 maereo,
1558 1098 1648 1124 nam
1677 1085 1779 1135 quod
1806 1087 2000 1137 magnifici
2027 1093 2066 1127 et
2090 1090 2274 1140 praeclari
2300 1091 2336 1128 ei
2361 1094 2446 1129 erat

207 1147 393 1197 relictum,
422 1152 465 1187 tu
493 1148 543 1187 ad
569 1147 766 1187 Romanos
798 1147 1044 1187 transtulisti.
1100 1146 1177 1187 Sed
1204 1147 1295 1198 quid
1320 1146 1393 1187 hoc
1420 1147 1470 1187 ad
1496 1151 1603 1187 rem?
1644 1146 1763 1195 Quasi
1797 1161 1922 1188 sermo
1960 1148 2065 1190 solus
2091 1150 2316 1203 philosopho
2343 1151 2444 1192 diffi-

206 1208 371 1249 cultates
399 1209 577 1249 adferret.
630 1208 704 1249 Sed
731 1208 809 1248 alia
837 1213 897 1248 est
923 1222 1052 1260 causa,
1081 1222 1178 1261 quae
1206 1209 1358 1257 efficiat,
1386 1213 1431 1248 ut
1457 1209 1648 1248 sententia
1674 1213 1809 1248 nostra
1836 1211 1960 1262 magis
1993 1211 2044 1250 ad
2071 1212 2443 1252 verisimilitudinem

208 1271 378 1311 accedat.
431 1271 642 1322 Postquam
669 1272 772 1310 enim
799 1272 838 1309 in
865 1272 980 1310 unius
1006 1275 1239 1323 potestatem
1268 1271 1480 1323 respublica
1497 1272 1681 1323 pervenit,
1710 1270 1806 1309 nihil
1832 1271 1960 1311 Cicero
1988 1274 2087 1324 quod
2114 1275 2265 1326 quidem
2291 1287 2333 1314 se
2359 1275 2444 1326 dig-

205 1346 300 1373 num
336 1339 441 1378 esset
476 1339 520 1373 ut
554 1338 685 1385 ageret
717 1333 942 1385 reperiebat.
1002 1334 1141 1373 Libros
1176 1336 1258 1385 ejus
1293 1339 1332 1373 et
1372 1332 1556 1384 epistolas
1587 1335 1841 1384 perscrutanti
1877 1336 2065 1386 ejusmodi
2098 1337 2273 1388 querelae
2310 1336 2442 1377 crebro

206 1401 421 1436 occurrunt.
474 1397 534 1436 Ex
562 1396 634 1436 hoc
662 1397 754 1446 otio,
783 1397 823 1435 in
851 1396 952 1446 quod
979 1396 1183 1447 reipulicae
1211 1400 1338 1435 status
1366 1409 1452 1435 eum
1481 1397 1706 1447 conjecerat,
1744 1397 1931 1436 excitatus
1956 1410 2023 1448 per
2049 1397 2230 1449 dolorem,
2259 1412 2370 1451 quem
2396 1411 2444 1438 ex

209 1458 359 1498 Tulliae
385 1458 488 1497 filiae
506 1462 629 1497 morte
649 1462 810 1510 ceperat,
839 1462 992 1510 repente
1010 1459 1182 1511 pristinis
1211 1457 1368 1496 orbatus
1393 1457 1616 1496 muneribus
1642 1456 1907 1509 philosophiae
1925 1459 2053 1498 studia
2069 1461 2276 1510 revocavit,
2305 1460 2445 1510 quibus

203 1521 361 1572 Juvenis
389 1520 589 1559 exercendi
617 1532 736 1558 causa
763 1520 914 1558 deditus
942 1520 1078 1559 fuerat.
1129 1522 1230 1559 Ante
1257 1521 1387 1559 omnia
1415 1521 1516 1558 enim
1544 1520 1715 1558 studium
1744 1521 1962 1571 quaerebat,
1997 1534 2081 1560 cum
2114 1522 2375 1573 philosophiae
2401 1534 2445 1560 se

152 1588 155 1592 ’
207 1582 383 1633 dedebat,
411 1596 488 1633 qua
514 1585 645 1633 posset
669 1581 852 1633 prodesse
879 1595 992 1633 quam
1019 1581 1203 1633 plun'mis,
1231 1594 1280 1620 ne
1306 1581 1457 1632 quando
1487 1582 1756 1620 intermitteret
1782 1582 1978 1622 consulere
2004 1583 2245 1635 reipublicae.
2297 1584 2356 1623 Ex
2381 1583 2445 1623 his

206 1649 362 1686 tantum
399 1644 526 1684 causis
559 1643 697 1683 ardens
734 1643 903 1683 studium
938 1648 1062 1683 ortum
1096 1648 1174 1694 est,
1212 1656 1287 1695 quo
1324 1656 1413 1682 eum
1448 1656 1559 1683 omne
1592 1648 1761 1695 tempus,
1799 1657 1950 1684 omnem
1991 1657 2144 1696 operam
2178 1644 2444 1698 philosophiae

206 1707 430 1748 tractandae
458 1706 689 1746 tribuentem
715 1706 913 1753 videmus;
942 1719 989 1745 ex
1016 1705 1078 1745 his
1106 1711 1258 1746 tantum
1285 1706 1411 1744 causis
1431 1704 1564 1756 elucet,
1593 1705 1783 1757 quomodo
1810 1706 1892 1745 fieri
1918 1708 2095 1758 potuerit,
2122 1712 2166 1746 ut
2191 1708 2266 1759 ipsi
2288 1707 2444 1759 gloriari

206 1771 338 1810 liceret
364 1770 526 1808 duorum
563 1768 699 1806 horum
727 1781 914 1807 annorum
949 1770 1091 1819 scripta
1123 1770 1243 1807 totius
1269 1770 1373 1806 vitae
1407 1780 1529 1819 paene
1562 1780 1740 1818 aequare.
1793 1768 1893 1806 Mira
1920 1769 2085 1819 quadam
2111 1774 2283 1808 maturae
2308 1770 2444 1808 mortis

207 1833 445 1872 divinatione
481 1831 531 1870 ad
563 1831 803 1882 propositum
837 1830 1069 1882 explendum
1104 1831 1258 1870 videtur
1290 1829 1489 1882 impulsus,
1527 1830 1628 1881 quod
1664 1830 1828 1883 legimus
1864 1832 1903 1870 in
1940 1830 2026 1870 libri
2060 1830 2091 1871 I.
2126 1831 2174 1871 de
2207 1831 2444 1872 divinatione

208 1893 383 1935 exordio:
422 1892 497 1944 „ad
524 1892 670 1944 reliqua
696 1892 813 1933 alacri
841 1892 1093 1932 tendebamus
1121 1894 1248 1933 animo
1277 1893 1331 1932 sic
1357 1893 1493 1944 parati,
1529 1896 1573 1932 ut
1599 1892 1747 1933 nullum
1774 1892 2041 1946 philosophiae
2073 1892 2199 1933 locum
2225 1905 2309 1933 esse
2335 1898 2442 1946 pate-

206 1969 344 2006 remur,
383 1956 449 2007 qui
482 1967 559 1995 non
586 1954 739 2002 Latinis
773 1955 913 1995 litteris
947 1955 1163 1995 illustratus
1197 1957 1382 2007 pateret.“
1441 1954 1486 1993 In
1521 1958 1628 1994 tanto
1667 1956 1793 1995 studio
1821 1960 2006 2006 tantaque
2039 1955 2226 1995 industria
2261 1960 2443 2007 occupato

206 2019 457 2071 sexagenario
485 2030 598 2057 nemo
627 2017 787 2057 moleste
815 2017 919 2066 seret,
949 2018 1050 2069 quod
1078 2018 1127 2057 ad
1154 2017 1304 2057 facilius
1332 2021 1369 2056 et
1396 2015 1554 2056 celerius
1582 2017 1857 2069 perficiendum
1883 2018 2120 2069 propositum
2146 2029 2242 2057 usus
2264 2021 2322 2056 est
2349 2030 2441 2068 qua-

207 2081 310 2120 libus
337 2094 409 2119 nos
437 2082 675 2131 suspicamur
701 2080 896 2118 subsidiis.
