2671 3245
193 213 289 255 Cato
315 213 440 266 major
463 212 528 263 21,
554 212 606 253 77
636 212 760 264 „Nam
784 194 880 252 dum
906 224 1042 253 sumus
1067 213 1206 254 inclusi
1232 236 1284 244 —-
1318 214 1575 265 constantia“‚
1607 215 1652 254 in‘
1677 188 2127 266 quibus-conscribendis
2153 203 2442 276 Tincam
2492 189 2634 272 113³*ss

192 275 243 318 41
251 276 358 316 -47
386 273 420 315 Β
451 276 692 326 spectavisse
725 273 893 315 videtur.
945 276 1051 316 Inter
1081 275 1155 316 hoc
1181 290 1277 328 opus
1311 275 1628 316 conscribendum
1660 280 1700 316 et
1724 280 1900 316 nostrum
1926 275 2186 328 fragmentum
2211 280 2450 329 interoeder'o‘
2481 297 2485 310 ³

194 349 412 379 connexum
436 340 576 390 putare
600 342 792 389 vetamur,
818 337 922 391 quod
948 343 1039 379 ante
1064 352 1152 392 pag.
1179 339 1230 380 47
1250 338 1282 379 Β
1309 339 1390 379 exit
1417 337 1566 378 Timaei
1584 339 1864 396 interpretatio.
1899 338 2027 390 Atque
2053 337 2298 383 Hei-mannus
2323 338 2373 396 (Ι.
2388 344 2453 400 0.)

194 399 373 452 ambigit,
408 412 504 438 num
530 399 659 438 Cicero
688 400 723 438 si
749 402 989 452 propositum
1025 414 1138 440 suum
1164 401 1276 453 plene
1303 401 1457 451 assequi
1483 402 1694 451 potuisset,
1728 400 1850 439 multo
1885 400 1998 451 plura
2029 413 2146 451 quam
2171 403 2448 455 interpretatu

195 466 267 511 est,
293 463 335 501 in
362 474 477 501 suum
504 474 601 513 opus
628 460 889 502 translaturus
914 462 1040 502 fuerit.
1080 463 1200 503 Nobis
1225 464 1267 502 in
1293 462 1365 502 hac
1391 474 1431 501 re
1454 461 1689 514 ambiguitas
1708 475 1795 502 esse
1812 475 1891 502 non
1915 466 2055 514 potest.
2095 461 2269 505 Primum
2292 466 2447 517 quidem
2496 470 2499 472 ’

195 524 278 563 exit
302 524 566 575 interpretatio
594 523 635 562 in
666 536 827 563 sensum
855 537 1115 576 communem,
1151 530 1195 565 ut
1229 525 1341 577 quasi
1366 523 1444 564 fine
1470 512 1666 564 rhetorico'
1687 523 1947 564 concludatur.
2000 524 2149 564 Deinde
2175 525 2323 567 codices
2346 540 2446 569 nun·
2516 542 2523 545 *
2552 514 2557 520 '⁷
2586 502 2671 570 >x³:⁵-

181 598 315 637 ⁸quam
339 585 450 637 plura
475 598 591 636 quam
617 590 775 625 exstant
799 591 951 638 praeter
975 586 1135 627 lacunas
1160 587 1383 638 praebuisse
1408 586 1609 633 videntum
1646 599 1737 626 nam
1762 587 1823 637 iis,
1861 599 1959 638 quae
1983 586 2204 626 Priscianus
2238 592 2280 628 et
2301 589 2450 631 Nonius

195 651 439 699 sumpserant
465 659 513 686 ex
533 647 704 698 Timaeo,
732 661 830 699 quae
858 662 883 687 a
908 649 1051 688 nostris
1075 649 1269 688 codicibus
1295 649 1448 698 absunt,
1475 647 1587 687 sedes
1614 653 1786 698 repertae
1804 652 1906 698 sunt,
1932 653 1978 688 ut
1995 648 2178 688 disseruit
2194 648 2449 704 Hei-mannus,

195 710 238 749 in
263 707 433 759 lacunis,
466 722 564 760 quae
600 710 786 762 temporis
820 711 1026 762 iniquitate
1063 711 1103 750 in
1131 711 1324 752 codicibus
1350 710 1476 751 factae
1503 723 1589 751 esse
1614 709 1807 751 videntur.
1861 710 2005 751 Omnes
2033 710 2113 751 fere
2139 709 2288 752 codices
2313 712 2355 752 in
2379 714 2449 754 iis-

196 771 285 811 dem
314 771 492 818 ‚versibus
528 770 810 824 abrumpuntur
847 784 892 812 ac
924 785 973 812 ne
1007 773 1126 812 codex
1161 773 1314 825 quidem
1339 772 1666 822 vindobonensis,
1693 785 1731 812 n.
1759 774 1833 824 89,
1867 774 1968 812 inter
2002 785 2069 812 eos
2095 773 2163 825 qui
2188 772 2450 826 philosophica

194 834 406 884 continent,
433 832 550 873 valde
576 834 776 886 antiquus,
810 835 878 885 qui
903 836 1192 887 interrumpitur
1219 840 1307 887 post
1331 835 1452 876 verba
1489 835 1564 885 „ad
1589 847 1790 874 numerum
1822 834 2067 875 machinatae
2100 838 2191 874 sunt
2216 839 2255 875 et
2280 838 2449 888 spatium

194 896 404 948 temporis“
441 893 497 948 (p.
527 897 641 947 1010,
675 895 726 936 23
750 895 886 948 Orelli)
914 896 1034 936 alium
1067 898 1109 937 in
1135 897 1253 937 finem
1280 899 1420 938 exiisse
1447 897 1620 944 videtur;
1654 896 1861 937 adnotatur
1896 897 1999 936 enim
2024 900 2184 937 vetusta
2215 910 2350 938 manu:
2385 898 2449 941 hic

196 957 382 998 deficiunt
399 962 565 1008 quatuor
581 958 706 998 lineae
729 959 938 998 secundum
959 959 1154 1011 exemplar
1172 960 1288 1011 (conf.
1308 960 1436 1010 Halm,
1464 972 1530 1010 gut
1548 959 1945 1013 ²fi)(mhftljriftenhmbe
1973 958 2037 1000 bet
2059 958 2231 1001 OEiceton.
2254 959 2447 1012 &otium

196 1034 236 1074 p.
261 1019 334 1060 VII
356 1024 451 1060 nota
476 1021 531 1075 9).
583 1021 635 1060 At
659 1021 854 1072 integrum
880 1020 1078 1073 dialogum
1104 1027 1365 1061 transsumere
1391 1035 1439 1061 ne
1471 1023 1513 1061 in
1539 1026 1707 1061 mentem
1735 1021 1889 1074 quidem
1919 1022 2051 1060 venire
2083 1019 2256 1060 Ciceroni
2281 1025 2445 1073 poterat.

198 1082 275 1123 Cur
299 1087 430 1121 autem
458 1095 600 1134 quaero
628 1082 806 1134 dialogus
834 1095 880 1121 eo
907 1082 990 1122 loco
1018 1084 1256 1135 interruptus
1283 1088 1353 1133 est,
1389 1096 1464 1134 quo
1492 1097 1630 1123 sensus
1662 1085 1879 1136 argumenti
1904 1083 2218 1134 interruptionem
2242 1095 2321 1122 non
2346 1085 2446 1135 poti-

199 1149 276 1195 tur,
302 1145 379 1184 nisi
405 1145 503 1184 satis
529 1145 604 1184 sibi
629 1144 709 1184 fore
736 1146 923 1196 interpres
951 1149 1021 1185 aut
1045 1146 1080 1185 is
1107 1147 1172 1198 qui
1199 1146 1399 1185 mandavit
1424 1149 1620 1197 putasset,
1655 1149 1701 1184 ut
1726 1158 1773 1184 ex
1800 1158 1847 1184 ea
1873 1157 1973 1195 quae
2000 1148 2130 1184 exstat
2154 1148 2264 1195 parte
2290 1149 2446 1185 senten·-

200 1208 258 1246 tia
274 1205 453 1246 Platonis
480 1211 638 1257 pateret,
665 1207 714 1245 iis
742 1206 935 1260 Ciceronis
955 1208 1109 1258 quidem
1137 1209 1329 1247 sententia
1355 1213 1393 1247 et
1412 1208 1571 1247 consilio
1595 1209 1889 1259 supervacaneis
1915 1207 2029 1246 rebus
2055 1207 2196 1256 missis,
2224 1207 2362 1258 quibus
2387 1208 2446 1247 in-

201 1269 359 1321 genium
385 1267 604 1321 philosophi
629 1269 882 1320 poeticissimi
908 1268 1049 1321 placita
1073 1268 1374 1322 profundissima
1400 1275 1625 1309 ornamento
1659 1270 1769 1321 quasi
1805 1273 2059 1310 exstruxerat.
2110 1268 2208 1308 Nam
2234 1281 2332 1321 quae
2357 1267 2447 1309 Pla-

201 1332 306 1372 tonis
333 1344 449 1371 aureo
477 1344 541 1371 ore
573 1335 753 1371 enarrata
778 1333 989 1371 maximam
1016 1332 1253 1384 voluptatem
1280 1336 1456 1382 movent,
1492 1346 1539 1371 ea
1565 1332 1613 1372 ab
1640 1332 1904 1371 Romanorum
1930 1330 2197 1383 philosophiae
2223 1331 2334 1382 quasi
2359 1344 2447 1383 pro-

200 1393 349 1434 fessore
375 1406 421 1434 eo
448 1393 629 1443 consilio,
664 1398 708 1432 ut
739 1398 888 1445 partem
915 1394 1187 1446 disputationis
1214 1395 1426 1444 efficerent,
1459 1394 1611 1434 Latinis
1642 1395 1781 1434 litteris
1814 1394 2000 1434 mandata
2029 1395 2098 1433 vix
2125 1398 2256 1433 essent
2280 1393 2448 1434 ferenda.

200 1453 274 1495 Ille
300 1457 403 1496 enim
430 1455 639 1507 dialogum,
664 1468 788 1507 paene
815 1455 894 1495 dixi
919 1469 1058 1507 poema
1084 1456 1197 1497 nobis
1224 1456 1264 1495 id
1290 1456 1456 1508 reliquit,
1482 1457 1522 1495 in
1550 1468 1624 1507 quo
1642 1456 1839 1507 mundum,
1866 1455 2071 1505 hominem,
2099 1459 2277 1495 naturam
2293 1456 2447 1495 univer-

208 1530 294 1558 sam
322 1517 373 1557 ad
399 1518 492 1558 boni
518 1518 645 1557 ideam
673 1517 798 1557 denuo
826 1519 947 1558 creari
974 1520 1084 1570 quasi
1113 1518 1233 1558 oculis
1260 1518 1451 1568 videmus,
1480 1517 1541 1557 hic
1567 1518 1679 1558 nobis
1705 1523 1854 1570 partem
1879 1518 1984 1557 illius
2011 1518 2137 1569 operis
2161 1516 2314 1570 plastici
2338 1518 2448 1569 quasi

201 1579 400 1632 proferret,
428 1603 480 1608 —
506 1593 598 1619 nam
626 1583 753 1619 totum
780 1579 977 1631 dialogum
1004 1593 1093 1619 eum
1119 1585 1362 1632 recepturum
1389 1580 1522 1630 fuisse,
1556 1581 1590 1619 si
1618 1581 1772 1620 omnino
1800 1581 2007 1632 quidquam
2033 1583 2253 1631 recepturus
2279 1583 2375 1629 erat,
2401 1578 2449 1618 de

202 1641 277 1683 hac
303 1655 345 1682 re
366 1644 450 1694 jam
476 1646 602 1682 tacere
627 1641 746 1681 liceat
770 1664 823 1670 —
847 1646 998 1693 partem
1025 1643 1143 1694 igitur
1167 1643 1285 1683 verbo
1313 1646 1427 1682 tenus
1447 1647 1639 1694 receptam
1659 1647 1876 1694 apponeret,
1903 1642 2059 1682 arbitrio
2079 1654 2148 1681 suo
2177 1641 2448 1692 circumcisam,

203 1717 282 1744 non
309 1705 371 1743 sui
398 1704 544 1755 ingenii
570 1704 611 1742 vi
637 1702 840 1754 impulsus,
869 1703 938 1742 sed
965 1709 1007 1743 ut
1034 1706 1138 1744 cives
1164 1704 1361 1743 Romanos
1381 1706 1632 1743 eminentium
1659 1704 1875 1743 scholarum
1895 1704 1941 1743 de
1962 1717 2001 1743 re
2027 1703 2188 1755 physica
2212 1702 2355 1754 placita
2381 1703 2449 1741 do-

205 1770 319 1816 ceret,
346 1778 521 1817 quaeque
548 1765 595 1804 de
622 1764 685 1804 his
711 1765 827 1805 rebus
853 1778 926 1805 sua
953 1771 1056 1806 esset
1082 1768 1286 1815 sententia,
1322 1768 1434 1817 quasi
1470 1779 1645 1805 mensam
1677 1766 1882 1805 secundam
1915 1766 2108 1817 adjiceret.
2178 1763 2266 1803 Tali
2292 1763 2449 1803 consilio

203 1833 507 1869 consentaneum
534 1831 627 1877 erat,
661 1831 708 1867 ut
733 1841 888 1868 summa
914 1833 1090 1880 tangeret
1116 1841 1186 1868 nec
1213 1828 1420 1879 quidquam
1446 1841 1598 1878 eorum,
1635 1842 1732 1880 quae
1768 1828 1881 1868 nobis
1907 1828 1957 1868 ad
1984 1827 2057 1868 hoc
2082 1827 2341 1879 fragmentum
2365 1838 2451 1878 per-

203 1891 369 1931 tinentia
395 1888 540 1930 tradita
565 1893 669 1939 sunt,
697 1890 867 1941 opinioni
895 1888 1116 1930 Ciceronem
1142 1895 1279 1942 postea
1304 1892 1344 1930 in
1371 1890 1602 1930 elaborando
1632 1903 1745 1942 opere
1771 1891 1827 1930 ita
1852 1903 1932 1929 rem
1954 1891 2220 1930 instituturum
2246 1888 2366 1928 fuisse
2391 1901 2451 1928 re-

203 1957 368 2006 pugnat.
407 1952 551 1993 Contra
577 1953 611 1992 si
637 1952 768 1992 omnia
793 1951 969 1992 Platonis
995 1954 1148 2004 recepit,
1175 1957 1221 1993 ut
1248 1953 1466 1993 Carneadeo
1488 1966 1594 1992 more
1620 1952 1820 2005 modoque,
1847 1952 1887 1992 id
1906 1957 1966 1992 est
1991 1952 2212 1992 dubitanter
2238 1952 2278 1990 in
2305 1955 2450 1990 utram-

205 2028 281 2068 que
306 2019 456 2069 partem
492 2015 540 2055 de
572 2015 621 2054 iis
648 2015 883 2066 disputaret,
920 2015 1013 2068 quid
1041 2028 1181 2067 quaero
1210 2015 1257 2055 de
1285 2015 1448 2067 singulis
1475 2014 1589 2055 rebus
1616 2014 1896 2055 obscurissimis
1930 2015 2125 2068 disputare
2150 2014 2322 2066 potuisse
2349 2012 2452 2064 cogi-

204 2083 337 2117 tamus
364 2091 464 2126 eum,
492 2091 606 2128 quem
633 2077 879 2116 nihilsolius
908 2079 1179 2116 ostentationis
1208 2092 1324 2116 causa
1351 2091 1523 2128 unquam
1551 2079 1748 2128 scripsisse
1775 2080 1938 2127 scimus,
1972 2079 2048 2116 nisi
2075 2077 2190 2116 simul
2216 2076 2360 2127 aliquid
2386 2080 2454 2115 aut

205 2139 283 2191 ipsi
307 2144 377 2179 aut
403 2139 554 2178 civibus
580 2138 783 2190 prodeset?
810 2138 957 2179 Deinde
985 2140 1119 2191 quanti
1145 2138 1355 2179 voluminis
1382 2139 1501 2178 fuisse
1527 2137 1666 2177 librum
1694 2138 1741 2178 de
1767 2153 1892 2179 rerum
1918 2144 2057 2179 natura
2083 2138 2255 2178 Ciceroni
2279 2137 2453 2189 proposi-

206 2206 290 2241 tum
317 2202 531 2251 credamus,
566 2201 600 2240 si
634 2205 785 2252 praeter
810 2200 985 2240 Platonis
1021 2201 1184 2240 aliorum
1217 2215 1367 2253 quoque
1394 2200 1537 2252 placita
1563 2201 1786 2252 recepisset,
1822 2206 1866 2241 ut
1898 2201 1946 2240 de
1972 2214 2121 2252 quaque
2148 2213 2189 2239 re
2215 2199 2452 2251 disputaret?

206 2264 268 2304 Ex
294 2264 356 2304 his
383 2269 499 2316 atque
526 2263 716 2315 ejusmodi
742 2265 869 2303 causis
885 2263 1083 2315 permultis
1111 2263 1225 2303 facile
1251 2269 1359 2316 patet
1385 2263 1617 2313 Ciceronem,
1644 2264 1825 2314 quoniam
1851 2276 1897 2303 eo
1922 2263 2095 2315 perducti
2121 2275 2266 2312 sumus,
2293 2265 2338 2301 ut
2362 2260 2452 2300 Pla-

207 2328 312 2368 tonis
339 2327 387 2368 de
415 2340 455 2367 re
481 2325 645 2379 physica
670 2324 813 2378 placita
839 2339 887 2366 ex
905 2326 1053 2367 Timaei
1081 2325 1234 2378 dialogo
1258 2330 1438 2378 excerpta
1455 2326 1496 2365 in
1524 2338 1636 2365 suum
1662 2324 1834 2366 libellum
1859 2325 2135 2366 translaturum
2160 2324 2280 2365 fuisse
2306 2327 2454 2363 statue-

207 2402 360 2438 remus,
398 2401 476 2427 non
509 2393 642 2427 tamen
669 2388 943 2427 translaturum
975 2389 1116 2438 fuisse,
1152 2389 1244 2439 quin
1277 2390 1317 2426 in
1344 2388 1581 2439 fragmentO,
1617 2392 1661 2426 ut
1685 2401 1786 2427 nunc
1822 2393 1966 2437 exstat,
1998 2388 2189 2439 permulta
2214 2387 2454 2425 mutavisset.

209 2451 322 2500 Quod
349 2464 435 2490 cum
462 2464 529 2501 per
555 2464 598 2490 se
625 2449 760 2500 elucet,
788 2455 872 2490 tum
900 2450 1075 2501 exemplo
1104 2450 1361 2500 confirmatur,
1391 2451 1425 2489 si
1453 2449 1606 2500 quidem
1633 2450 1821 2490 recordati
1843 2451 1996 2501 erimus,
2024 2454 2255 2502 quantopere
2281 2459 2381 2500 quae
2406 2445 2455 2486 de

206 2511 427 2554 Philodemi
453 2525 566 2564 opere
593 2516 687 2565 περὶ
712 2512 827 2552 θεῶν
862 2513 902 2551 in
928 2511 1070 2552 libium
1106 2511 1154 2551 de
1180 2516 1320 2552 natura
1346 2511 1504 2551 deorum
1530 2512 1685 2563 recepit,
1720 2513 1978 2564 amputaverit
2005 2517 2043 2552 et
2068 2513 2108 2551 in
2135 2514 2344 2563 angustum
2370 2512 2455 2548 coe-

208 2577 321 2628 gerit.
375 2575 511 2626 Itaque
547 2575 595 2613 de
621 2575 795 2615 oratione
821 2574 950 2625 Nigidi
976 2573 1103 2625 Figuli
1141 2574 1356 2625 complura,
1391 2587 1491 2625 quae
1523 2573 1572 2613 ad
1599 2578 1776 2613 ornatum
1813 2575 1938 2625 magis
1965 2587 2081 2626 quam
2112 2574 2163 2612 ad
2190 2574 2456 2624 argumentum

208 2639 339 2689 ipsum
364 2637 601 2688 pertinerent
626 2637 872 2686 resecuisset,
909 2640 954 2674 ut
980 2649 1132 2675 summa
1159 2637 1438 2675 sententiarum
1472 2636 1664 2687 patefacta
1694 2635 1857 2675 lectores
1883 2636 2035 2675 facilius
2062 2636 2112 2675 ad
2138 2648 2219 2674 rem
2244 2635 2370 2685 ipsam
2395 2632 2455 2670 in-

206 2698 455 2751 telligendam
481 2697 787 2750 perducerentur,
815 2712 933 2751 quum
952 2710 999 2738 ea
1026 2710 1126 2751 quae
1152 2709 1255 2738 nunc
1281 2701 1409 2738 exstat
1435 2697 1545 2750 copia
1571 2701 1610 2738 et
1636 2697 1832 2750 opulentia
1858 2701 1898 2738 et
1922 2697 2127 2738 verborum
2153 2700 2193 2736 et
2216 2707 2342 2736 rerum
2367 2704 2453 2746 per-

208 2761 356 2802 turbati
388 2765 530 2800 essent.
586 2760 763 2800 Ceterum
797 2773 876 2801 non
910 2760 1068 2812 indigne
1101 2760 1260 2810 ferrem,
1297 2761 1330 2799 si
1364 2760 1440 2799 huc
1473 2760 1583 2810 illuc,
1615 2759 1683 2799 ubi
1715 2760 1930 2800 obscuritas
1956 2762 2012 2800 rei
2037 2759 2289 2812 postulasset,
2323 2754 2452 2808 paullo

207 2823 381 2877 planiore
408 2827 448 2863 et
473 2822 649 2863 uberiore
676 2825 848 2863 oratione
874 2835 969 2863 usus
996 2827 1121 2870 esset3
1154 2824 1210 2862 ita
1236 2822 1276 2862 id
1303 2826 1505 2862 assecutus
1532 2827 1650 2873 esset,
1688 2822 1790 2874 quod
1816 2836 1904 2863 eum
1931 2824 2068 2863 ceteris
2095 2820 2273 2874 operibus
2299 2828 2453 2859 assecu-

207 2893 293 2927 tum
320 2897 407 2927 esse
434 2884 698 2936 concedemus,
733 2885 1055 2938 perspicuitatem.
1107 2885 1190 2926 Nisi
1223 2886 1312 2939 quis
1346 2889 1457 2938 putet
1490 2883 1763 2938 philosophum
1794 2897 1977 2938 magnam
2002 2884 2111 2926 illam
2136 2884 2331 2930 virtutem,
2367 2888 2452 2918 cum
